@ARTICLE{cappellari_ppxf,
   author = {{Cappellari}, M. and {Emsellem}, E.},
    title = "{Parametric Recovery of Line-of-Sight Velocity Distributions from Absorption-Line Spectra of Galaxies via Penalized Likelihood}",
  journal = {\pasp},
   eprint = {astro-ph/0312201},
 keywords = {Galaxies: Individual: NGC Number: NGC 3384, Galaxies: Kinematics and Dynamics, line: profiles, Methods: Numerical},
     year = 2004,
    month = feb,
   volume = 116,
    pages = {138-147},
      doi = {10.1086/381875},
   adsurl = {http://adsabs.harvard.edu/abs/2004PASP..116..138C},
  adsnote = {Provided by the SAO/NASA Astrophysics Data System}
}
@ARTICLE{girardi2000_padova_evol,
   author = {{Girardi}, L. and {Bressan}, A. and {Bertelli}, G. and {Chiosi}, C.
	},
    title = "{Evolutionary tracks and isochrones for low- and intermediate-mass stars: From 0.15 to 7 M$_{sun}$, and from Z=0.0004 to 0.03}",
  journal = {\aaps},
   eprint = {astro-ph/9910164},
 keywords = {STARS: EVOLUTION, STARS: INTERIORS, STARS: HERTZSPRUNG-RUSSELL (HR) DIAGRAM, STARS: LOW-MASS},
     year = 2000,
    month = feb,
   volume = 141,
    pages = {371-383},
      doi = {10.1051/aas:2000126},
   adsurl = {http://adsabs.harvard.edu/abs/2000A\%26AS..141..371G},
  adsnote = {Provided by the SAO/NASA Astrophysics Data System}
}
@ARTICLE{vazdekis10,
   author = {{Vazdekis}, A. and {S{\'a}nchez-Bl{\'a}zquez}, P. and {Falc{\'o}n-Barroso}, J. et al.},
    title = "{Evolutionary stellar population synthesis with MILES - I. The base models and a new line index system}",
  journal = {\mnras},
archivePrefix = "arXiv",
   eprint = {1004.4439},
 primaryClass = "astro-ph.CO",
 keywords = {globular clusters: general, galaxies: abundances, galaxies: elliptical and lenticular, cD, galaxies: stellar content},
     year = 2010,
    month = jun,
   volume = 404,
    pages = {1639-1671},
      doi = {10.1111/j.1365-2966.2010.16407.x},
   adsurl = {http://adsabs.harvard.edu/abs/2010MNRAS.404.1639V},
  adsnote = {Provided by the SAO/NASA Astrophysics Data System}
}

@ARTICLE{vazdekis_16_e-miles,
   author = {{Vazdekis}, A. and {Koleva}, M. and {Ricciardelli}, E. and {R{\"o}ck}, B. and 
	{Falc{\'o}n-Barroso}, J.},
    title = "{UV-extended E-MILES stellar population models: young components in massive early-type galaxies}",
  journal = {\mnras},
archivePrefix = "arXiv",
   eprint = {1612.01187},
 keywords = {globular clusters: general, galaxies: abundances, galaxies: elliptical and lenticular, cD, galaxies: evolution, galaxies: stellar content},
     year = 2016,
    month = dec,
   volume = 463,
    pages = {3409-3436},
      doi = {10.1093/mnras/stw2231},
   adsurl = {http://adsabs.harvard.edu/abs/2016MNRAS.463.3409V},
  adsnote = {Provided by the SAO/NASA Astrophysics Data System}
}

@ARTICLE{bershady_spspk,
   author = {{Bershady}, M.~A. and {Andersen}, D.~R. and {Harker}, J. and 
	{Ramsey}, L.~W. and {Verheijen}, M.~A.~W.},
    title = "{SparsePak: A Formatted Fiber Field Unit for the WIYN Telescope Bench Spectrograph. I. Design, Construction, and Calibration}",
  journal = {\pasp},
   eprint = {astro-ph/0403456},
 keywords = {Galaxies: Kinematics and Dynamics, Instrumentation: Spectrographs, methods: laboratory},
     year = 2004,
    month = jun,
   volume = 116,
    pages = {565-590},
      doi = {10.1086/421057},
   adsurl = {http://adsabs.harvard.edu/abs/2004PASP..116..565B},
  adsnote = {Provided by the SAO/NASA Astrophysics Data System}
}
@INPROCEEDINGS{bershady_bench_ug,
   author = {{Knezek}, P.~M. and {Bershady}, M.~A. and {Willmarth}, D. et al.},
    title = "{The upgraded WIYN bench spectrograph}",
booktitle = {Society of Photo-Optical Instrumentation Engineers (SPIE) Conference Series},
     year = 2010,
   series = {Society of Photo-Optical Instrumentation Engineers (SPIE) Conference Series},
   volume = 7735,
    month = jul,
      eid = {77357D},
    pages = {7},
      doi = {10.1117/12.857648},
   adsurl = {http://adsabs.harvard.edu/abs/2010SPIE.7735E..7DK},
  adsnote = {Provided by the SAO/NASA Astrophysics Data System}
}
@ARTICLE{sanchez06_r3d,
   author = {{S{\'a}nchez}, S.~F.},
    title = "{Techniques for reducing fiber-fed and integral-field spectroscopy data: An implementation on R3D}",
  journal = {Astronomische Nachrichten},
   eprint = {astro-ph/0606263},
 keywords = {instrumentation: spectrographs, techniques: image processing, techniques: spectroscopic},
     year = 2006,
    month = nov,
   volume = 327,
    pages = {850},
      doi = {10.1002/asna.200610643},
   adsurl = {http://adsabs.harvard.edu/abs/2006AN....327..850S},
  adsnote = {Provided by the SAO/NASA Astrophysics Data System}
}
@ARTICLE{eigenthaler13,
   author = {{Eigenthaler}, P. and {Zeilinger}, W.~W.},
    title = "{Age and metallicity gradients in fossil ellipticals}",
  journal = {\aap},
archivePrefix = "arXiv",
   eprint = {1303.4963},
 primaryClass = "astro-ph.CO",
 keywords = {galaxies: elliptical and lenticular, cD, galaxies: stellar content, galaxies: evolution},
     year = 2013,
    month = may,
   volume = 553,
      eid = {A99},
    pages = {A99},
      doi = {10.1051/0004-6361/201321078},
   adsurl = {http://adsabs.harvard.edu/abs/2013A\%26A...553A..99E},
  adsnote = {Provided by the SAO/NASA Astrophysics Data System}
}
@ARTICLE{cappellari_voronoi,
   author = {{Cappellari}, M. and {Copin}, Y.},
    title = "{Adaptive spatial binning of integral-field spectroscopic data using Voronoi tessellations}",
  journal = {\mnras},
   eprint = {astro-ph/0302262},
 keywords = {methods: data analysis, techniques: photometric, techniques: spectroscopic},
     year = 2003,
    month = jun,
   volume = 342,
    pages = {345-354},
      doi = {10.1046/j.1365-8711.2003.06541.x},
   adsurl = {http://adsabs.harvard.edu/abs/2003MNRAS.342..345C},
  adsnote = {Provided by the SAO/NASA Astrophysics Data System}
}

@MISC{cappellari_voronoi_code,
   author = {{Cappellari}, M. and {Copin}, Y.},
    title = "{Voronoi binning method}",
 keywords = {Software},
howpublished = {Astrophysics Source Code Library},
     year = 2012,
    month = nov,
archivePrefix = "ascl",
   eprint = {1211.006},
   adsurl = {http://adsabs.harvard.edu/abs/2012ascl.soft11006C},
  adsnote = {Provided by the SAO/NASA Astrophysics Data System}
}

@article{scikit-learn,
 title={Scikit-learn: Machine Learning in {P}ython},
 author={Pedregosa, F. and Varoquaux, G. and Gramfort, A. et al.},
 journal={Journal of Machine Learning Research},
 volume={12},
 pages={2825--2830},
 year={2011}
}
@ARTICLE{wetzel_vdb_13,
   author = {{Wetzel}, A.~R. and {Tinker}, J.~L. and {Conroy}, C. and {van den Bosch}, F.~C.
	},
    title = "{Galaxy evolution in groups and clusters: satellite star formation histories and quenching time-scales in a hierarchical Universe}",
  journal = {\mnras},
archivePrefix = "arXiv",
   eprint = {1206.3571},
 primaryClass = "astro-ph.CO",
 keywords = {methods: numerical, galaxies: clusters: general, galaxies: evolution, galaxies: groups: general, galaxies: haloes, galaxies: star formation},
     year = 2013,
    month = jun,
   volume = 432,
    pages = {336-358},
      doi = {10.1093/mnras/stt469},
   adsurl = {http://adsabs.harvard.edu/abs/2013MNRAS.432..336W},
  adsnote = {Provided by the SAO/NASA Astrophysics Data System}
}

@ARTICLE{BC03,
   author = {{Bruzual}, G. and {Charlot}, S.},
    title = "{Stellar population synthesis at the resolution of 2003}",
  journal = {\mnras},
   eprint = {astro-ph/0309134},
 keywords = {stars: evolution, galaxies: evolution, galaxies: formation, galaxies: stellar content},
     year = 2003,
    month = oct,
   volume = 344,
    pages = {1000-1028},
      doi = {10.1046/j.1365-8711.2003.06897.x},
   adsurl = {http://adsabs.harvard.edu/abs/2003MNRAS.344.1000B},
  adsnote = {Provided by the SAO/NASA Astrophysics Data System}
}
@ARTICLE{atlas3d-i,
   author = {{Cappellari}, M. and {Emsellem}, E. and {Krajnovi{\'c}}, D. et al.},
    title = "{The ATLAS$^{3D}$ project - I. A volume-limited sample of 260 nearby early-type galaxies: science goals and selection criteria}",
  journal = {\mnras},
archivePrefix = "arXiv",
   eprint = {1012.1551},
 keywords = {galaxies: distances and redshifts, galaxies: elliptical and lenticular, cD, galaxies: evolution, galaxies: formation, galaxies: kinematics and dynamics, galaxies: structure},
     year = 2011,
    month = may,
   volume = 413,
    pages = {813-836},
      doi = {10.1111/j.1365-2966.2010.18174.x},
   adsurl = {http://adsabs.harvard.edu/abs/2011MNRAS.413..813C},
  adsnote = {Provided by the SAO/NASA Astrophysics Data System}
}
@ARTICLE{li_han_08,
   author = {{Li}, Z. and {Han}, Z.},
    title = "{An isochrone data base and a rapid model for stellar population synthesis}",
  journal = {\mnras},
archivePrefix = "arXiv",
   eprint = {0708.1204},
 keywords = {galaxies: elliptical and lenticular, cD, galaxies: stellar content},
     year = 2008,
    month = jun,
   volume = 387,
    pages = {105-114},
      doi = {10.1111/j.1365-2966.2008.12793.x},
   adsurl = {http://adsabs.harvard.edu/abs/2008MNRAS.387..105L},
  adsnote = {Provided by the SAO/NASA Astrophysics Data System}
}
@ARTICLE{chabrier03,
   author = {{Chabrier}, G.},
    title = "{Galactic Stellar and Substellar Initial Mass Function}",
  journal = {\pasp},
   eprint = {astro-ph/0304382},
 keywords = {Galaxies: Luminosity Function, Mass Function, Invited Reviews},
     year = 2003,
    month = jul,
   volume = 115,
    pages = {763-795},
      doi = {10.1086/376392},
   adsurl = {http://adsabs.harvard.edu/abs/2003PASP..115..763C},
  adsnote = {Provided by the SAO/NASA Astrophysics Data System}
}
@ARTICLE{sancisi08,
   author = {{Sancisi}, R. and {Fraternali}, F. and {Oosterloo}, T. and {van der Hulst}, T.
	},
    title = "{Cold gas accretion in galaxies}",
  journal = {\aapr},
archivePrefix = "arXiv",
   eprint = {0803.0109},
 keywords = {Galaxies, Neutral hydrogen, Accretion, Extra-planar gas, Interactions, Mergers},
     year = 2008,
    month = jun,
   volume = 15,
    pages = {189-223},
      doi = {10.1007/s00159-008-0010-0},
   adsurl = {http://adsabs.harvard.edu/abs/2008A\%26ARv..15..189S},
  adsnote = {Provided by the SAO/NASA Astrophysics Data System}
}

@ARTICLE{kauffmann10,
   author = {{Kauffmann}, G. and {Li}, C. and {Heckman}, T.~M.},
    title = "{The accretion of gas on to galaxies as traced by their satellites}",
  journal = {\mnras},
archivePrefix = "arXiv",
   eprint = {1005.1825},
 primaryClass = "astro-ph.CO",
 keywords = {galaxies: evolution, galaxies: haloes, galaxies: star formation, galaxies: statistics, galaxies: stellar content, galaxies: structure},
     year = 2010,
    month = dec,
   volume = 409,
    pages = {491-499},
      doi = {10.1111/j.1365-2966.2010.17337.x},
   adsurl = {http://adsabs.harvard.edu/abs/2010MNRAS.409..491K},
  adsnote = {Provided by the SAO/NASA Astrophysics Data System}
}

@ARTICLE{pisano14,
   author = {{Pisano}, D.~J.},
    title = "{Green Bank Telescope Observations of Low Column Density H I around NGC 2997 and NGC 6946}",
  journal = {\aj},
archivePrefix = "arXiv",
   eprint = {1312.3953},
 primaryClass = "astro-ph.GA",
 keywords = {galaxies: evolution, galaxies: formation, galaxies: individual: NGC 6946 NGC 2997, galaxies: interactions, intergalactic medium},
     year = 2014,
    month = mar,
   volume = 147,
      eid = {48},
    pages = {48},
      doi = {10.1088/0004-6256/147/3/48},
   adsurl = {http://adsabs.harvard.edu/abs/2014AJ....147...48P},
  adsnote = {Provided by the SAO/NASA Astrophysics Data System}
}
@ARTICLE{bundy15_manga,
   author = {{Bundy}, K. and {Bershady}, M.~A. and {Law}, D.~R. et al.},
    title = "{Overview of the SDSS-IV MaNGA Survey: Mapping nearby Galaxies at Apache Point Observatory}",
  journal = {\apj},
archivePrefix = "arXiv",
   eprint = {1412.1482},
 keywords = {galaxies: evolution, galaxies: general, surveys, techniques: imaging spectroscopy},
     year = 2015,
    month = jan,
   volume = 798,
      eid = {7},
    pages = {7},
      doi = {10.1088/0004-637X/798/1/7},
   adsurl = {http://adsabs.harvard.edu/abs/2015ApJ...798....7B},
  adsnote = {Provided by the SAO/NASA Astrophysics Data System}
}
@INPROCEEDINGS{bryant12,
   author = {{Bryant}, J.~J. and {Bland-Hawthorn}, J. and {Lawrence}, J. et al.},
    title = "{SAMI: a new multi-object IFS for the Anglo-Australian Telescope}",
booktitle = {Society of Photo-Optical Instrumentation Engineers (SPIE) Conference Series},
     year = 2012,
   series = {Society of Photo-Optical Instrumentation Engineers (SPIE) Conference Series},
   volume = 8446,
    month = sep,
      eid = {84460X},
    pages = {0},
      doi = {10.1117/12.925115},
   adsurl = {http://adsabs.harvard.edu/abs/2012SPIE.8446E..0XB},
  adsnote = {Provided by the SAO/NASA Astrophysics Data System}
}
@ARTICLE{bryant15,
   author = {{Bryant}, J.~J. and {Owers}, M.~S. and {Robotham}, A.~S.~G. and 
	{Croom}, S.~M. et al.},
    title = "{The SAMI Galaxy Survey: instrument specification and target selection}",
  journal = {\mnras},
archivePrefix = "arXiv",
   eprint = {1407.7335},
 keywords = {instrumentation: miscellaneous, instrumentation: spectrographs, techniques: imaging spectroscopy, surveys, galaxies: evolution, galaxies: kinematics and dynamics},
     year = 2015,
    month = mar,
   volume = 447,
    pages = {2857-2879},
      doi = {10.1093/mnras/stu2635},
   adsurl = {http://adsabs.harvard.edu/abs/2015MNRAS.447.2857B},
  adsnote = {Provided by the SAO/NASA Astrophysics Data System}
}
@INPROCEEDINGS{delgado13,
   author = {{Delgado}, R.~G. and {P{\'e}rez}, E. and {Fernandes}, R.~C. et al.},
    title = "{CALIFA survey: The spatially resolved star formation history of massive galaxies}",
 keywords = {galaxies, stellar populations, structure, evolution,},
booktitle = {IAU Symposium},
     year = 2013,
   series = {IAU Symposium},
   volume = 295,
archivePrefix = "arXiv",
   eprint = {1301.1685},
 primaryClass = "astro-ph.CO",
   editor = {{Thomas}, D. and {Pasquali}, A. and {Ferreras}, I.},
    month = jul,
    pages = {300-303},
      doi = {10.1017/S1743921313005097},
   adsurl = {http://adsabs.harvard.edu/abs/2013IAUS..295..300D},
  adsnote = {Provided by the SAO/NASA Astrophysics Data System}
}
@BOOK{numerical_recipes_fortran,
   author = {{Press}, W.~H. and {Teukolsky}, S.~A. and {Vetterling}, W.~T. and 
	{Flannery}, B.~P.},
    title = "{Numerical recipes in FORTRAN. The art of scientific computing}",
booktitle = {Cambridge: University Press, |c1992, 2nd ed.},
     year = 1992,
   adsurl = {http://adsabs.harvard.edu/abs/1992nrfa.book.....P},
  adsnote = {Provided by the SAO/NASA Astrophysics Data System}
}
@ARTICLE{atlas3d_15,
   author = {{Cappellari}, M. and {Scott}, N. and {Alatalo}, K. et al.},
    title = "{The ATLAS$^{3D}$ project - XV. Benchmark for early-type galaxies scaling relations from 260 dynamical models: mass-to-light ratio, dark matter, Fundamental Plane and Mass Plane}",
  journal = {\mnras},
archivePrefix = "arXiv",
   eprint = {1208.3522},
 primaryClass = "astro-ph.CO",
 keywords = {galaxies: elliptical and lenticular, cD, galaxies: evolution, galaxies: formation, galaxies: kinematics and dynamics, galaxies: structure},
     year = 2013,
    month = jul,
   volume = 432,
    pages = {1709-1741},
      doi = {10.1093/mnras/stt562},
   adsurl = {http://adsabs.harvard.edu/abs/2013MNRAS.432.1709C},
  adsnote = {Provided by the SAO/NASA Astrophysics Data System}
}
@MISC{lts_plane_linefit,
   author = {{Cappellari}, M.},
    title = "{LTS\_LINEFIT \& LTS\_PLANEFIT: LTS fit of lines or planes}",
howpublished = {Astrophysics Source Code Library},
     year = 2014,
    month = apr,
archivePrefix = "ascl",
   eprint = {1404.001},
   adsurl = {http://adsabs.harvard.edu/abs/2014ascl.soft04001C},
  adsnote = {Provided by the SAO/NASA Astrophysics Data System}
}
@ARTICLE{roskar_08_radial_migration,
   author = {{Ro{\v s}kar}, R. and {Debattista}, V.~P. and {Quinn}, T.~R. and 
	{Stinson}, G.~S. and {Wadsley}, J.},
    title = "{Riding the Spiral Waves: Implications of Stellar Migration for the Properties of Galactic Disks}",
  journal = {\apjl},
archivePrefix = "arXiv",
   eprint = {0808.0206},
 keywords = {Galaxies: Evolution, Galaxies: Spiral, Galaxies: Stellar Content, Galaxy: Stellar Content, Galaxy: Solar Neighborhood, Stellar Dynamics},
     year = 2008,
    month = sep,
   volume = 684,
    pages = {L79-L82},
      doi = {10.1086/592231},
   adsurl = {http://adsabs.harvard.edu/abs/2008ApJ...684L..79R},
  adsnote = {Provided by the SAO/NASA Astrophysics Data System}
}
@ARTICLE{raghavan_10,
   author = {{Raghavan}, D. and {McAlister}, H.~A. and {Henry}, T.~J. et al.},
    title = "{A Survey of Stellar Families: Multiplicity of Solar-type Stars}",
  journal = {\apjs},
archivePrefix = "arXiv",
   eprint = {1007.0414},
 primaryClass = "astro-ph.SR",
 keywords = {binaries: general, planetary systems, stars: solar-type, stars: statistics, surveys},
     year = 2010,
    month = sep,
   volume = 190,
    pages = {1-42},
      doi = {10.1088/0067-0049/190/1/1},
   adsurl = {http://adsabs.harvard.edu/abs/2010ApJS..190....1R},
  adsnote = {Provided by the SAO/NASA Astrophysics Data System}
}
@ARTICLE{duquennoy_mayor_91,
   author = {{Duquennoy}, A. and {Mayor}, M.},
    title = "{Multiplicity among solar-type stars in the solar neighbourhood. II - Distribution of the orbital elements in an unbiased sample}",
  journal = {\aap},
 keywords = {Binary Stars, Dwarf Stars, G Stars, Solar Neighborhood, Stellar Orbits, Brown Dwarf Stars, Orbital Elements, Peculiar Stars, Radial Velocity, Stellar Evolution, Variable Stars},
     year = 1991,
    month = aug,
   volume = 248,
    pages = {485-524},
   adsurl = {http://adsabs.harvard.edu/abs/1991A\%26A...248..485D},
  adsnote = {Provided by the SAO/NASA Astrophysics Data System}
}
@ARTICLE{mushotzky_03,
   author = {{Mushotzky}, R. and {Figueroa-Feliciano}, E. and {Loewenstein}, M. and 
	{Snowden}, S.~L.},
    title = "{Groups and the Entropy Floor- XMM-Newton Observations of Two Groups}",
  journal = {ArXiv Astrophysics e-prints},
   eprint = {astro-ph/0302267},
 keywords = {Astrophysics},
     year = 2003,
    month = feb,
   adsurl = {http://adsabs.harvard.edu/abs/2003astro.ph..2267M},
  adsnote = {Provided by the SAO/NASA Astrophysics Data System}
}
@ARTICLE{zm98a,
   author = {{Zabludoff}, A.~I. and {Mulchaey}, J.~S.},
    title = "{The Properties of Poor Groups of Galaxies. I. Spectroscopic Survey and Results}",
  journal = {\apj},
   eprint = {astro-ph/9708132},
 keywords = {GALAXIES: CLUSTERS: GENERAL, GALAXIES: DISTANCES AND REDSHIFTS, GALAXIES: ELLIPTICAL AND LENTICULAR, CD, X-RAYS: GALAXIES, Galaxies: Clusters: General, Galaxies: Distances and Redshifts, Galaxies: Elliptical and Lenticular, cD, Galaxies: Evolution, Galaxies: Interactions, Cosmology: Large-Scale Structure of Universe, X-Rays: Galaxies},
     year = 1998,
    month = mar,
   volume = 496,
    pages = {39-72},
      doi = {10.1086/305355},
   adsurl = {http://adsabs.harvard.edu/abs/1998ApJ...496...39Z},
  adsnote = {Provided by the SAO/NASA Astrophysics Data System}
}

@ARTICLE{mulchaey_zabludoff_98,
   author = {{Mulchaey}, J.~S. and {Zabludoff}, A.~I.},
    title = "{The Properties of Poor Groups of Galaxies. II. X-Ray and Optical Comparisons}",
  journal = {\apj},
   eprint = {astro-ph/9708139},
 keywords = {GALAXIES: CLUSTERS: GENERAL, GALAXIES: ELLIPTICAL AND LENTICULAR, CD, X-RAYS: GALAXIES, Galaxies: Clusters: General, Galaxies: Elliptical and Lenticular, cD, X-Rays: Galaxies},
     year = 1998,
    month = mar,
   volume = 496,
    pages = {73-92},
      doi = {10.1086/305356},
   adsurl = {http://adsabs.harvard.edu/abs/1998ApJ...496...73M},
  adsnote = {Provided by the SAO/NASA Astrophysics Data System}
}
@ARTICLE{zabludoff_mulchaey_00,
   author = {{Zabludoff}, A.~I. and {Mulchaey}, J.~S.},
    title = "{The Properties of Poor Groups of Galaxies. III. The Galaxy Luminosity Function}",
  journal = {\apj},
   eprint = {astro-ph/0001495},
 keywords = {cosmology: large-scale structure of Universe, Galaxies: Clusters: General, Galaxies: Evolution, Galaxies: Luminosity Function, Mass Function},
     year = 2000,
    month = aug,
   volume = 539,
    pages = {136-148},
      doi = {10.1086/309191},
   adsurl = {http://adsabs.harvard.edu/abs/2000ApJ...539..136Z},
  adsnote = {Provided by the SAO/NASA Astrophysics Data System}
}
@ARTICLE{plavec_70,
   author = {{Plavec}, M.},
    title = "{Mass Exchange in Binary Stars}",
  journal = {\pasp},
     year = 1970,
    month = oct,
   volume = 82,
    pages = {957},
      doi = {10.1086/128996},
   adsurl = {http://adsabs.harvard.edu/abs/1970PASP...82..957P},
  adsnote = {Provided by the SAO/NASA Astrophysics Data System}
}
@ARTICLE{morton_60,
   author = {{Morton}, D.~C.},
    title = "{Evolutionary Mass Exchange in Close Binary Systems.}",
  journal = {\apj},
     year = 1960,
    month = jul,
   volume = 132,
    pages = {146},
      doi = {10.1086/146908},
   adsurl = {http://adsabs.harvard.edu/abs/1960ApJ...132..146M},
  adsnote = {Provided by the SAO/NASA Astrophysics Data System}
}
@ARTICLE{deloore_92,
   author = {{De Loore}, C. and {De Greve}, J.~P.},
    title = "{Evolutionary sequences for binary stars in the mass range 9 to 40 solar masses}",
  journal = {\aaps},
 keywords = {Binary Stars, Stellar Evolution, Stellar Mass, Stellar Winds, Wolf-Rayet Stars, Chemical Composition, Mass Transfer, Massive Stars, Stellar Mass Accretion, Stellar Models, X Ray Binaries},
     year = 1992,
    month = sep,
   volume = 94,
    pages = {453-478},
   adsurl = {http://adsabs.harvard.edu/abs/1992A\%26AS...94..453D},
  adsnote = {Provided by the SAO/NASA Astrophysics Data System}
}
@ARTICLE{siess_13,
   author = {{Siess}, L. and {Izzard}, R.~G. and {Davis}, P.~J. and {Deschamps}, R.
	},
    title = "{BINSTAR: a new binary stellar evolution code. Tidal interactions}",
  journal = {\aap},
 keywords = {binaries: general, stars: evolution, stars: interiors, accretion, accretion disks},
     year = 2013,
    month = feb,
   volume = 550,
      eid = {A100},
    pages = {A100},
      doi = {10.1051/0004-6361/201220327},
   adsurl = {http://adsabs.harvard.edu/abs/2013A\%26A...550A.100S},
  adsnote = {Provided by the SAO/NASA Astrophysics Data System}
}
@ARTICLE{willett_13,
   author = {{Willett}, K.~W. and {Lintott}, C.~J. and {Bamford}, S.~P. et al.},
    title = "{Galaxy Zoo 2: detailed morphological classifications for 304 122 galaxies from the Sloan Digital Sky Survey}",
  journal = {\mnras},
archivePrefix = "arXiv",
   eprint = {1308.3496},
 primaryClass = "astro-ph.CO",
 keywords = {methods: data analysis, catalogues, galaxies: elliptical and lenticular, galaxies: general, galaxies: spiral},
     year = 2013,
    month = nov,
   volume = 435,
    pages = {2835-2860},
      doi = {10.1093/mnras/stt1458},
   adsurl = {http://adsabs.harvard.edu/abs/2013MNRAS.435.2835W},
  adsnote = {Provided by the SAO/NASA Astrophysics Data System}
}
@ARTICLE{dressler_80,
   author = {{Dressler}, A.},
    title = "{Galaxy morphology in rich clusters - Implications for the formation and evolution of galaxies}",
  journal = {\apj},
 keywords = {Elliptical Galaxies, Galactic Clusters, Galactic Evolution, Galactic Structure, Spiral Galaxies, Astronomical Maps, Density Distribution, Interstellar Gas, Telescopes, Universe, X Ray Astronomy},
     year = 1980,
    month = mar,
   volume = 236,
    pages = {351-365},
      doi = {10.1086/157753},
   adsurl = {http://adsabs.harvard.edu/abs/1980ApJ...236..351D},
  adsnote = {Provided by the SAO/NASA Astrophysics Data System}
}
@ARTICLE{balogh_97,
   author = {{Balogh}, M.~L. and {Morris}, S.~L. and {Yee}, H.~K.~C. and 
	{Carlberg}, R.~G. and {Ellingson}, E.},
    title = "{Star Formation in Cluster Galaxies at 0.2 {\lt} Z {\lt} 0.55}",
  journal = {\apjl},
   eprint = {astro-ph/9707339},
 keywords = {GALAXIES: CLUSTERS: GENERAL, STARS: FORMATION, Galaxies: Clusters: General, Stars: Formation},
     year = 1997,
    month = oct,
   volume = 488,
    pages = {L75-L78},
      doi = {10.1086/310927},
   adsurl = {http://adsabs.harvard.edu/abs/1997ApJ...488L..75B},
  adsnote = {Provided by the SAO/NASA Astrophysics Data System}
}
@ARTICLE{bower_90,
   author = {{Bower}, R.~G. and {Ellis}, R.~S. and {Rose}, J.~A. and {Sharples}, R.~M.
	},
    title = "{The stellar populations of early-type galaxies as a function of their environment}",
  journal = {\aj},
 keywords = {Early Stars, Star Formation, Stellar Gravitation, Virgo Galactic Cluster, Aerospace Environments, Morphology, Spectral Methods},
     year = 1990,
    month = feb,
   volume = 99,
    pages = {530-539},
      doi = {10.1086/115347},
   adsurl = {http://adsabs.harvard.edu/abs/1990AJ.....99..530B},
  adsnote = {Provided by the SAO/NASA Astrophysics Data System}
}
@ARTICLE{rose_94,
   author = {{Rose}, J.~A. and {Bower}, R.~G. and {Caldwell}, N. et al.},
    title = "{Stellar population in early-type galaxies: Further evidence for environmental influences}",
  journal = {\aj},
 keywords = {Elliptical Galaxies, Emission Spectra, Galactic Clusters, Galactic Evolution, Galactic Structure, Spectrum Analysis, Star Formation, Giant Stars, Horizontal Branch Stars, Metallicity, Stellar Luminosity},
     year = 1994,
    month = dec,
   volume = 108,
    pages = {2054-2068},
      doi = {10.1086/117218},
   adsurl = {http://adsabs.harvard.edu/abs/1994AJ....108.2054R},
  adsnote = {Provided by the SAO/NASA Astrophysics Data System}
}
@ARTICLE{wetzel_tinker_conroy_12,
   author = {{Wetzel}, A.~R. and {Tinker}, J.~L. and {Conroy}, C.},
    title = "{Galaxy evolution in groups and clusters: star formation rates, red sequence fractions and the persistent bimodality}",
  journal = {\mnras},
archivePrefix = "arXiv",
   eprint = {1107.5311},
 primaryClass = "astro-ph.CO",
 keywords = {methods: statistical, galaxies: clusters: general, galaxies: evolution, galaxies: groups: general, galaxies: haloes, galaxies: star formation},
     year = 2012,
    month = jul,
   volume = 424,
    pages = {232-243},
      doi = {10.1111/j.1365-2966.2012.21188.x},
   adsurl = {http://adsabs.harvard.edu/abs/2012MNRAS.424..232W},
  adsnote = {Provided by the SAO/NASA Astrophysics Data System}
}
@ARTICLE{toloba_14,
   author = {{Toloba}, E. and {Guhathakurta}, P. and {van de Ven}, G. et al.},
    title = "{Stellar Kinematics and Structural Properties of Virgo Cluster Dwarf Early-type Galaxies from the SMAKCED Project. I. Kinematically Decoupled Cores and Implications for Infallen Groups in Clusters}",
  journal = {\apj},
archivePrefix = "arXiv",
   eprint = {1401.7336},
 keywords = {galaxies: clusters: individual: Virgo, galaxies: dwarf, galaxies: elliptical and lenticular, cD, galaxies: kinematics and dynamics, galaxies: photometry, galaxies: stellar content},
     year = 2014,
    month = mar,
   volume = 783,
      eid = {120},
    pages = {120},
      doi = {10.1088/0004-637X/783/2/120},
   adsurl = {http://adsabs.harvard.edu/abs/2014ApJ...783..120T},
  adsnote = {Provided by the SAO/NASA Astrophysics Data System}
}

@ARTICLE{rix_92,
   author = {{Rix}, H.-W. and {Franx}, M. and {Fisher}, D. and {Illingworth}, G.
	},
    title = "{NGC 4550 - A laboratory for testing galaxy formation}",
  journal = {\apjl},
 keywords = {Galactic Evolution, Galactic Structure, Astronomical Photometry, Brightness Distribution, Galactic Bulge, Galactic Halos, Stellar Rotation, Velocity Distribution},
     year = 1992,
    month = nov,
   volume = 400,
    pages = {L5-L8},
      doi = {10.1086/186635},
   adsurl = {http://adsabs.harvard.edu/abs/1992ApJ...400L...5R},
  adsnote = {Provided by the SAO/NASA Astrophysics Data System}
}

@ARTICLE{lackner_13,
   author = {{Lackner}, C.~N. and {Gunn}, J.~E.},
    title = "{The effect of environment on discs and bulges}",
  journal = {\mnras},
archivePrefix = "arXiv",
   eprint = {1210.4556},
 primaryClass = "astro-ph.CO",
 keywords = {galaxies: bulges, galaxies: formation, galaxies: photometry, galaxies: structure},
     year = 2013,
    month = jan,
   volume = 428,
    pages = {2141-2162},
      doi = {10.1093/mnras/sts179},
   adsurl = {http://adsabs.harvard.edu/abs/2013MNRAS.428.2141L},
  adsnote = {Provided by the SAO/NASA Astrophysics Data System}
}

@ARTICLE{balogh_99,
   author = {{Balogh}, M.~L. and {Morris}, S.~L. and {Yee}, H.~K.~C. and 
	{Carlberg}, R.~G. and {Ellingson}, E.},
    title = "{Differential Galaxy Evolution in Cluster and Field Galaxies at z\~{}0.3}",
  journal = {\apj},
   eprint = {astro-ph/9906470},
 keywords = {GALAXIES: CLUSTERS: GENERAL, GALAXIES: EVOLUTION, GALAXIES: PHOTOMETRY, GALAXIES: STELLAR CONTENT, Galaxies: Clusters: General, Galaxies: Evolution, Galaxies: Photometry, Galaxies: Stellar Content},
     year = 1999,
    month = dec,
   volume = 527,
    pages = {54-79},
      doi = {10.1086/308056},
   adsurl = {http://adsabs.harvard.edu/abs/1999ApJ...527...54B},
  adsnote = {Provided by the SAO/NASA Astrophysics Data System}
}

@ARTICLE{balogh_00,
   author = {{Balogh}, M.~L. and {Navarro}, J.~F. and {Morris}, S.~L.},
    title = "{The Origin of Star Formation Gradients in Rich Galaxy Clusters}",
  journal = {\apj},
   eprint = {astro-ph/0004078},
 keywords = {Galaxies: Clusters: General, Galaxies: Evolution, Galaxies: Stellar Content, Stars: Formation},
     year = 2000,
    month = sep,
   volume = 540,
    pages = {113-121},
      doi = {10.1086/309323},
   adsurl = {http://adsabs.harvard.edu/abs/2000ApJ...540..113B},
  adsnote = {Provided by the SAO/NASA Astrophysics Data System}
}

@ARTICLE{vera-ciro_donghia_14,
   author = {{Vera-Ciro}, C. and {D'Onghia}, E. and {Navarro}, J. and {Abadi}, M.
	},
    title = "{The Effect of Radial Migration on Galactic Disks}",
  journal = {\apj},
archivePrefix = "arXiv",
   eprint = {1405.3317},
 keywords = {galaxies: kinematics and dynamics, Galaxy: disk, Galaxy: evolution, stars: kinematics and dynamics},
     year = 2014,
    month = oct,
   volume = 794,
      eid = {173},
    pages = {173},
      doi = {10.1088/0004-637X/794/2/173},
   adsurl = {http://adsabs.harvard.edu/abs/2014ApJ...794..173V},
  adsnote = {Provided by the SAO/NASA Astrophysics Data System}
}
@Article{matplotlib,
  Author    = {Hunter, J. D.},
  Title     = {Matplotlib: A 2D graphics environment},
  Journal   = {Computing In Science \& Engineering},
  Volume    = {9},
  Number    = {3},
  Pages     = {90--95},
  abstract  = {Matplotlib is a 2D graphics package used for Python
  for application development, interactive scripting, and
  publication-quality image generation across user
  interfaces and operating systems.},
  publisher = {IEEE COMPUTER SOC},
  year      = 2007
}
@ARTICLE{schlafly_finkbeiner,
   author = {{Schlafly}, E.~F. and {Finkbeiner}, D.~P.},
    title = "{Measuring Reddening with Sloan Digital Sky Survey Stellar Spectra and Recalibrating SFD}",
  journal = {\apj},
archivePrefix = "arXiv",
   eprint = {1012.4804},
 primaryClass = "astro-ph.GA",
 keywords = {dust, extinction, Galaxy: stellar content, ISM: clouds},
     year = 2011,
    month = aug,
   volume = 737,
      eid = {103},
    pages = {103},
      doi = {10.1088/0004-637X/737/2/103},
   adsurl = {http://adsabs.harvard.edu/abs/2011ApJ...737..103S},
  adsnote = {Provided by the SAO/NASA Astrophysics Data System}
}
@ARTICLE{schlegel_finkbeiner_davis,
   author = {{Schlegel}, D.~J. and {Finkbeiner}, D.~P. and {Davis}, M.},
    title = "{Maps of Dust Infrared Emission for Use in Estimation of Reddening and Cosmic Microwave Background Radiation Foregrounds}",
  journal = {\apj},
   eprint = {astro-ph/9710327},
 keywords = {COSMOLOGY: DIFFUSE RADIATION, COSMOLOGY: COSMIC MICROWAVE BACKGROUND, ISM: DUST, EXTINCTION, INTERPLANETARY MEDIUM, INFRARED: ISM: CONTINUUM, Cosmology: Cosmic Microwave Background, Cosmology: Diffuse Radiation, ISM: Dust, Extinction, Infrared: ISM: Continuum, Interplanetary Medium},
     year = 1998,
    month = jun,
   volume = 500,
    pages = {525-553},
      doi = {10.1086/305772},
   adsurl = {http://adsabs.harvard.edu/abs/1998ApJ...500..525S},
  adsnote = {Provided by the SAO/NASA Astrophysics Data System}
}
@INPROCEEDINGS{astroML,
 author={{Vanderplas}, J.T. and {Connolly}, A.J.
         and {Ivezi{\'c}}, {\v Z}. and {Gray}, A.},
 booktitle={Conference on Intelligent Data Understanding (CIDU)},
 title={Introduction to astroML: Machine learning for astrophysics},
 month={oct.},
 pages={47 -54},
 doi={10.1109/CIDU.2012.6382200},
 year={2012}
}
@article{gpml,
 author = {Rasmussen, Carl Edward and Nickisch, Hannes},
 title = {Gaussian Processes for Machine Learning (GPML) Toolbox},
 journal = {J. Mach. Learn. Res.},
 issue_date = {3/1/2010},
 volume = {11},
 month = dec,
 year = {2010},
 issn = {1532-4435},
 pages = {3011--3015},
 numpages = {5},
 url = {http://dl.acm.org/citation.cfm?id=1756006.1953029},
 acmid = {1953029},
 publisher = {JMLR.org},
}

@ARTICLE{wmap9,
   author = {{Hinshaw}, G. and {Larson}, D. and {Komatsu}, E. and {Spergel}, D.~N. and 
	{Bennett}, C.~L. and {Dunkley}, J. and {Nolta}, M.~R. and {Halpern}, M. and 
	{Hill}, R.~S. and {Odegard}, N. and {Page}, L. and {Smith}, K.~M. and 
	{Weiland}, J.~L. and {Gold}, B. and {Jarosik}, N. and {Kogut}, A. and 
	{Limon}, M. and {Meyer}, S.~S. and {Tucker}, G.~S. and {Wollack}, E. and 
	{Wright}, E.~L.},
    title = "{Nine-year Wilkinson Microwave Anisotropy Probe (WMAP) Observations: Cosmological Parameter Results}",
  journal = {\apjs},
archivePrefix = "arXiv",
   eprint = {1212.5226},
 keywords = {cosmic background radiation, cosmology: observations, dark matter, early universe, instrumentation: detectors, space vehicles, space vehicles: instruments, telescopes },
     year = 2013,
    month = oct,
   volume = 208,
      eid = {19},
    pages = {19},
      doi = {10.1088/0067-0049/208/2/19},
   adsurl = {http://adsabs.harvard.edu/abs/2013ApJS..208...19H},
  adsnote = {Provided by the SAO/NASA Astrophysics Data System}
}

@ARTICLE{brinchmann_13,
   author = {{Brinchmann}, J. and {Charlot}, S. and {Kauffmann}, G. and {Heckman}, T. and 
	{White}, S.~D.~M. and {Tremonti}, C.},
    title = "{Estimating gas masses and dust-to-gas ratios from optical spectroscopy}",
  journal = {\mnras},
archivePrefix = "arXiv",
   eprint = {1304.3492},
 keywords = {galaxies: evolution, galaxies: fundamental parameters, galaxies: ISM},
     year = 2013,
    month = jul,
   volume = 432,
    pages = {2112-2140},
      doi = {10.1093/mnras/stt551},
   adsurl = {http://adsabs.harvard.edu/abs/2013MNRAS.432.2112B},
  adsnote = {Provided by the SAO/NASA Astrophysics Data System}
}


@ARTICLE{asplund_09,
   author = {{Asplund}, M. and {Grevesse}, N. and {Sauval}, A.~J. and {Scott}, P.
	},
    title = "{The Chemical Composition of the Sun}",
  journal = {\araa},
archivePrefix = "arXiv",
   eprint = {0909.0948},
 primaryClass = "astro-ph.SR",
     year = 2009,
    month = sep,
   volume = 47,
    pages = {481-522},
      doi = {10.1146/annurev.astro.46.060407.145222},
   adsurl = {http://adsabs.harvard.edu/abs/2009ARA\%26A..47..481A},
  adsnote = {Provided by the SAO/NASA Astrophysics Data System}
}

@ARTICLE{kroupa_imf_01,
   author = {{Kroupa}, P.},
    title = "{On the variation of the initial mass function}",
  journal = {\mnras},
   eprint = {astro-ph/0009005},
 keywords = {BINARIES: GENERAL, STARS: FORMATION, STARS: KINEMATICS, STARS: LUMINOSITY FUNCTION, MASS FUNCTION, GLOBULAR CLUSTERS: GENERAL, OPEN CLUSTERS AND ASSOCIATIONS: GENERAL},
     year = 2001,
    month = apr,
   volume = 322,
    pages = {231-246},
      doi = {10.1046/j.1365-8711.2001.04022.x},
   adsurl = {http://adsabs.harvard.edu/abs/2001MNRAS.322..231K},
  adsnote = {Provided by the SAO/NASA Astrophysics Data System}
}

@ARTICLE{dfm_emcee,
   author = {{Foreman-Mackey}, D. and {Hogg}, D.~W. and {Lang}, D. and {Goodman}, J.
	},
    title = "{emcee: The MCMC Hammer}",
  journal = {\pasp},
archivePrefix = "arXiv",
   eprint = {1202.3665},
 primaryClass = "astro-ph.IM",
     year = 2013,
    month = mar,
   volume = 125,
    pages = {306-312},
      doi = {10.1086/670067},
   adsurl = {http://adsabs.harvard.edu/abs/2013PASP..125..306F},
  adsnote = {Provided by the SAO/NASA Astrophysics Data System}
}

@MISC{dfm_emcee_ascl,
   author = {{Foreman-Mackey}, D. and {Conley}, A. and {Meierjurgen Farr}, W. and 
	{Hogg}, D.~W. and {Long}, D. and {Marshall}, P. and {Price-Whelan}, A. and 
	{Sanders}, J. and {Zuntz}, J.},
    title = "{emcee: The MCMC Hammer}",
howpublished = {Astrophysics Source Code Library},
     year = 2013,
    month = mar,
archivePrefix = "ascl",
   eprint = {1303.002},
   adsurl = {http://adsabs.harvard.edu/abs/2013ascl.soft03002F},
  adsnote = {Provided by the SAO/NASA Astrophysics Data System}
}

@ARTICLE{astropy,
   author = {{Astropy Collaboration} and {Robitaille}, T.~P. and {Tollerud}, E.~J. and 
	{Greenfield}, P. and {Droettboom}, M. and {Bray}, E. and {Aldcroft}, T. and 
	{Davis}, M. and {Ginsburg}, A. and {Price-Whelan}, A.~M. and 
	{Kerzendorf}, W.~E. and {Conley}, A. and {Crighton}, N. and 
	{Barbary}, K. and {Muna}, D. and {Ferguson}, H. and {Grollier}, F. and 
	{Parikh}, M.~M. and {Nair}, P.~H. and {Unther}, H.~M. and {Deil}, C. and 
	{Woillez}, J. and {Conseil}, S. and {Kramer}, R. and {Turner}, J.~E.~H. and 
	{Singer}, L. and {Fox}, R. and {Weaver}, B.~A. and {Zabalza}, V. and 
	{Edwards}, Z.~I. and {Azalee Bostroem}, K. and {Burke}, D.~J. and 
	{Casey}, A.~R. and {Crawford}, S.~M. and {Dencheva}, N. and 
	{Ely}, J. and {Jenness}, T. and {Labrie}, K. and {Lim}, P.~L. and 
	{Pierfederici}, F. and {Pontzen}, A. and {Ptak}, A. and {Refsdal}, B. and 
	{Servillat}, M. and {Streicher}, O.},
    title = "{Astropy: A community Python package for astronomy}",
  journal = {\aap},
archivePrefix = "arXiv",
   eprint = {1307.6212},
 primaryClass = "astro-ph.IM",
 keywords = {methods: data analysis, methods: miscellaneous, virtual observatory tools},
     year = 2013,
    month = oct,
   volume = 558,
      eid = {A33},
    pages = {A33},
      doi = {10.1051/0004-6361/201322068},
   adsurl = {http://adsabs.harvard.edu/abs/2013A\%26A...558A..33A},
  adsnote = {Provided by the SAO/NASA Astrophysics Data System}
}

@ARTICLE{fitzpatrick_reddening,
   author = {{Fitzpatrick}, E.~L.},
    title = "{Correcting for the Effects of Interstellar Extinction}",
  journal = {\pasp},
   eprint = {astro-ph/9809387},
 keywords = {ISM: DUST, EXTINCTION},
     year = 1999,
    month = jan,
   volume = 111,
    pages = {63-75},
      doi = {10.1086/316293},
   adsurl = {http://adsabs.harvard.edu/abs/1999PASP..111...63F},
  adsnote = {Provided by the SAO/NASA Astrophysics Data System}
}


@ARTICLE{wd01_reddening,
   author = {{Weingartner}, J.~C. and {Draine}, B.~T.},
    title = "{Dust Grain-Size Distributions and Extinction in the Milky Way, Large Magellanic Cloud, and Small Magellanic Cloud}",
  journal = {\apj},
   eprint = {astro-ph/0008146},
 keywords = {ISM: Dust, Extinction, ISM: Clouds},
     year = 2001,
    month = feb,
   volume = 548,
    pages = {296-309},
      doi = {10.1086/318651},
   adsurl = {http://adsabs.harvard.edu/abs/2001ApJ...548..296W},
  adsnote = {Provided by the SAO/NASA Astrophysics Data System}
}

@ARTICLE{firefly_wilkinson_pmanga,
   author = {{Wilkinson}, D.~M. and {Maraston}, C. and {Thomas}, D. and {Coccato}, L. and 
	{Tojeiro}, R. and {Cappellari}, M. and {Belfiore}, F. and {Bershady}, M. and 
	{Blanton}, M. and {Bundy}, K. and {Cales}, S. and {Cherinka}, B. and 
	{Drory}, N. and {Emsellem}, E. and {Fu}, H. and {Law}, D. and 
	{Li}, C. and {Maiolino}, R. and {Masters}, K. and {Tremonti}, C. and 
	{Wake}, D. and {Wang}, E. and {Weijmans}, A.-M. and {Xiao}, T. and 
	{Yan}, R. and {Zhang}, K. and {Bizyaev}, D. and {Brinkmann}, J. and 
	{Kinemuchi}, K. and {Malanushenko}, E. and {Malanushenko}, V. and 
	{Oravetz}, D. and {Pan}, K. and {Simmons}, A.},
    title = "{P-MaNGA: full spectral fitting and stellar population maps from prototype observations}",
  journal = {\mnras},
archivePrefix = "arXiv",
   eprint = {1503.01124},
 keywords = {techniques: spectroscopic, galaxies: evolution, galaxies: formation, galaxies: general, galaxies: stellar content, galaxies: structure},
     year = 2015,
    month = may,
   volume = 449,
    pages = {328-360},
      doi = {10.1093/mnras/stv301},
   adsurl = {http://adsabs.harvard.edu/abs/2015MNRAS.449..328W},
  adsnote = {Provided by the SAO/NASA Astrophysics Data System}
}

@ARTICLE{chen_pca,
   author = {{Chen}, Y.-M. and {Kauffmann}, G. and {Tremonti}, C.~A. and 
	{White}, S. and {Heckman}, T.~M. and {Kova{\v c}}, K. and {Bundy}, K. and 
	{Chisholm}, J. and {Maraston}, C. and {Schneider}, D.~P. and 
	{Bolton}, A.~S. and {Weaver}, B.~A. and {Brinkmann}, J.},
    title = "{Evolution of the most massive galaxies to z= 0.6 - I. A new method for physical parameter estimation}",
  journal = {\mnras},
archivePrefix = "arXiv",
   eprint = {1108.4719},
 keywords = {galaxies: evolution, galaxies: star formation},
     year = 2012,
    month = mar,
   volume = 421,
    pages = {314-332},
      doi = {10.1111/j.1365-2966.2011.20306.x},
   adsurl = {http://adsabs.harvard.edu/abs/2012MNRAS.421..314C},
  adsnote = {Provided by the SAO/NASA Astrophysics Data System}
}

@ARTICLE{tremonti_mz,
   author = {{Tremonti}, C.~A. and {Heckman}, T.~M. and {Kauffmann}, G. and 
	{Brinchmann}, J. and {Charlot}, S. and {White}, S.~D.~M. and 
	{Seibert}, M. and {Peng}, E.~W. and {Schlegel}, D.~J. and {Uomoto}, A. and 
	{Fukugita}, M. and {Brinkmann}, J.},
    title = "{The Origin of the Mass-Metallicity Relation: Insights from 53,000 Star-forming Galaxies in the Sloan Digital Sky Survey}",
  journal = {\apj},
   eprint = {astro-ph/0405537},
 keywords = {Galaxies: Abundances, Galaxies: Evolution, Galaxies: Fundamental Parameters, Galaxies: Statistics},
     year = 2004,
    month = oct,
   volume = 613,
    pages = {898-913},
      doi = {10.1086/423264},
   adsurl = {http://adsabs.harvard.edu/abs/2004ApJ...613..898T},
  adsnote = {Provided by the SAO/NASA Astrophysics Data System}
}

@ARTICLE{thomas_maraston_korn_04,
   author = {{Thomas}, D. and {Maraston}, C. and {Korn}, A.},
    title = "{Higher-order Balmer line indices in {$\alpha$}/Fe-enhanced stellar population models}",
  journal = {\mnras},
   eprint = {astro-ph/0404511},
 keywords = {stars: abundances, Galaxy: abundances, globular clusters: general, galaxies: elliptical and lenticular, cD, galaxies: stellar content},
     year = 2004,
    month = jun,
   volume = 351,
    pages = {L19-L23},
      doi = {10.1111/j.1365-2966.2004.07944.x},
   adsurl = {http://adsabs.harvard.edu/abs/2004MNRAS.351L..19T},
  adsnote = {Provided by the SAO/NASA Astrophysics Data System}
}

@ARTICLE{thomas_05,
   author = {{Thomas}, D. and {Maraston}, C. and {Bender}, R. and {Mendes de Oliveira}, C.
	},
    title = "{The Epochs of Early-Type Galaxy Formation as a Function of Environment}",
  journal = {\apj},
   eprint = {astro-ph/0410209},
 keywords = {Galaxies: Abundances, Galaxies: Elliptical and Lenticular, cD, Galaxies: Evolution, Galaxies: Formation, Galaxies: Stellar Content},
     year = 2005,
    month = mar,
   volume = 621,
    pages = {673-694},
      doi = {10.1086/426932},
   adsurl = {http://adsabs.harvard.edu/abs/2005ApJ...621..673T},
  adsnote = {Provided by the SAO/NASA Astrophysics Data System}
}

@ARTICLE{gallazzi_06,
   author = {{Gallazzi}, A. and {Charlot}, S. and {Brinchmann}, J. and {White}, S.~D.~M.
	},
    title = "{Ages and metallicities of early-type galaxies in the Sloan Digital Sky Survey: new insight into the physical origin of the colour-magnitude and the Mg$_{2}$-{$\sigma$}$_{V}$ relations}",
  journal = {\mnras},
   eprint = {astro-ph/0605300},
 keywords = {galaxies: evolution: galaxies: formation: galaxies: stellar content, galaxies: evolution, galaxies: formation, galaxies: stellar content},
     year = 2006,
    month = aug,
   volume = 370,
    pages = {1106-1124},
      doi = {10.1111/j.1365-2966.2006.10548.x},
   adsurl = {http://adsabs.harvard.edu/abs/2006MNRAS.370.1106G},
  adsnote = {Provided by the SAO/NASA Astrophysics Data System}
}

@ARTICLE{gallazzi_charlot_05,
       author = {{Gallazzi}, Anna and {Charlot}, St{\'e}phane and {Brinchmann}, Jarle and
        {White}, Simon D.~M. and {Tremonti}, Christy A.},
        title = "{The ages and metallicities of galaxies in the local universe}",
      journal = {\mnras},
     keywords = {galaxies: evolution, galaxies: formation, galaxies: stellar content,
        Astrophysics},
         year = 2005,
        month = Sep,
       volume = {362},
        pages = {41-58},
          doi = {10.1111/j.1365-2966.2005.09321.x},
archivePrefix = {arXiv},
       eprint = {astro-ph/0506539},
 primaryClass = {astro-ph},
       adsurl = {https://ui.adsabs.harvard.edu/#abs/2005MNRAS.362...41G},
      adsnote = {Provided by the SAO/NASA Astrophysics Data System}
}

@ARTICLE{connolly_robust_pca,
   author = {{Connolly}, A.~J. and {Szalay}, A.~S.},
    title = "{A Robust Classification of Galaxy Spectra: Dealing with Noisy and Incomplete Data}",
  journal = {\aj},
   eprint = {astro-ph/9901300},
 keywords = {GALAXIES: EVOLUTION, GALAXIES: STELLAR CONTENT, TECHNIQUES: SPECTROSCOPIC},
     year = 1999,
    month = may,
   volume = 117,
    pages = {2052-2062},
      doi = {10.1086/300839},
   adsurl = {http://adsabs.harvard.edu/abs/1999AJ....117.2052C},
  adsnote = {Provided by the SAO/NASA Astrophysics Data System}
}

@ARTICLE{fsps_1,
   author = {{Conroy}, C. and {Gunn}, J.~E. and {White}, M.},
    title = "{The Propagation of Uncertainties in Stellar Population Synthesis Modeling. I. The Relevance of Uncertain Aspects of Stellar Evolution and the Initial Mass Function to the Derived Physical Properties of Galaxies}",
  journal = {\apj},
archivePrefix = "arXiv",
   eprint = {0809.4261},
 keywords = {galaxies: evolution, galaxies: stellar content, stars: evolution},
     year = 2009,
    month = jul,
   volume = 699,
    pages = {486-506},
      doi = {10.1088/0004-637X/699/1/486},
   adsurl = {http://adsabs.harvard.edu/abs/2009ApJ...699..486C},
  adsnote = {Provided by the SAO/NASA Astrophysics Data System}
}

@ARTICLE{fsps_2,
   author = {{Conroy}, C. and {White}, M. and {Gunn}, J.~E.},
    title = "{The Propagation of Uncertainties in Stellar Population Synthesis Modeling. II. The Challenge of Comparing Galaxy Evolution Models to Observations}",
  journal = {\apj},
archivePrefix = "arXiv",
   eprint = {0904.0002},
 primaryClass = "astro-ph.CO",
 keywords = {galaxies: evolution, galaxies: stellar content},
     year = 2010,
    month = jan,
   volume = 708,
    pages = {58-70},
      doi = {10.1088/0004-637X/708/1/58},
   adsurl = {http://adsabs.harvard.edu/abs/2010ApJ...708...58C},
  adsnote = {Provided by the SAO/NASA Astrophysics Data System}
}

@ARTICLE{fsps_3,
   author = {{Conroy}, C. and {Gunn}, J.~E.},
    title = "{The Propagation of Uncertainties in Stellar Population Synthesis Modeling. III. Model Calibration, Comparison, and Evaluation}",
  journal = {\apj},
archivePrefix = "arXiv",
   eprint = {0911.3151},
 keywords = {galaxies: evolution, galaxies: stellar content, stars: evolution},
     year = 2010,
    month = apr,
   volume = 712,
    pages = {833-857},
      doi = {10.1088/0004-637X/712/2/833},
   adsurl = {http://adsabs.harvard.edu/abs/2010ApJ...712..833C},
  adsnote = {Provided by the SAO/NASA Astrophysics Data System}
}

@ARTICLE{fsps_c3k,
   author={{Conroy}, C. and {Castelli}, F and {Kurucz}, R.},
   year = {in prep.}
}

@ARTICLE{fsps_models,
    author = {{Conroy}, C. and {Johnson}, B.},
    year = {2017},
    howpublished = {in prep.}
}

@misc{pyfsps_DFM,
  author       = {{Foreman-Mackey}, D. and {Sick}, J. and {Johnson}, B.},
  title        = {python-fsps: Python bindings to FSPS (v0.1.1)},
  month        = oct,
  year         = 2014,
  doi          = {10.5281/zenodo.12157},
  url          = {https://doi.org/10.5281/zenodo.12157}
}

@ARTICLE{kriek_06,
   author = {{Kriek}, M. and {van Dokkum}, P.~G. and {Franx}, M. and {Quadri}, R. and 
	{Gawiser}, E. and {Herrera}, D. and {Illingworth}, G.~D. and 
	{Labb{\'e}}, I. and {Lira}, P. and {Marchesini}, D. and {Rix}, H.-W. and 
	{Rudnick}, G. and {Taylor}, E.~N. and {Toft}, S. and {Urry}, C.~M. and 
	{Wuyts}, S.},
    title = "{Spectroscopic Identification of Massive Galaxies at z \~{} 2.3 with Strongly Suppressed Star Formation}",
  journal = {\apjl},
   eprint = {astro-ph/0608446},
 keywords = {Galaxies: Evolution, Galaxies: Formation, Galaxies: High-Redshift},
     year = 2006,
    month = oct,
   volume = 649,
    pages = {L71-L74},
      doi = {10.1086/508371},
   adsurl = {http://adsabs.harvard.edu/abs/2006ApJ...649L..71K},
  adsnote = {Provided by the SAO/NASA Astrophysics Data System}
}

@ARTICLE{kriek_09,
   author = {{Kriek}, M. and {van Dokkum}, P.~G. and {Franx}, M. and {Illingworth}, G.~D. and 
	{Magee}, D.~K.},
    title = "{The Hubble Sequence Beyond z = 2 for Massive Galaxies: Contrasting Large Star-forming and Compact Quiescent Galaxies}",
  journal = {\apjl},
archivePrefix = "arXiv",
   eprint = {0909.0260},
 keywords = {galaxies: evolution, galaxies: formation, galaxies: high-redshift},
     year = 2009,
    month = nov,
   volume = 705,
    pages = {L71-L75},
      doi = {10.1088/0004-637X/705/1/L71},
   adsurl = {http://adsabs.harvard.edu/abs/2009ApJ...705L..71K},
  adsnote = {Provided by the SAO/NASA Astrophysics Data System}
}

@ARTICLE{smee_boss_instrument,
   author = {{Smee}, S.~A. and {Gunn}, J.~E. and {Uomoto}, A. and {Roe}, N. and 
	{Schlegel}, D. and {Rockosi}, C.~M. and {Carr}, M.~A. and {Leger}, F. and 
	{Dawson}, K.~S. and {Olmstead}, M.~D. and {Brinkmann}, J. and 
	{Owen}, R. and {Barkhouser}, R.~H. and {Honscheid}, K. and {Harding}, P. and 
	{Long}, D. and {Lupton}, R.~H. and {Loomis}, C. and {Anderson}, L. and 
	{Annis}, J. and {Bernardi}, M. and {Bhardwaj}, V. and {Bizyaev}, D. and 
	{Bolton}, A.~S. and {Brewington}, H. and {Briggs}, J.~W. and 
	{Burles}, S. and {Burns}, J.~G. and {Castander}, F.~J. and {Connolly}, A. and 
	{Davenport}, J.~R.~A. and {Ebelke}, G. and {Epps}, H. and {Feldman}, P.~D. and 
	{Friedman}, S.~D. and {Frieman}, J. and {Heckman}, T. and {Hull}, C.~L. and 
	{Knapp}, G.~R. and {Lawrence}, D.~M. and {Loveday}, J. and {Mannery}, E.~J. and 
	{Malanushenko}, E. and {Malanushenko}, V. and {Merrelli}, A.~J. and 
	{Muna}, D. and {Newman}, P.~R. and {Nichol}, R.~C. and {Oravetz}, D. and 
	{Pan}, K. and {Pope}, A.~C. and {Ricketts}, P.~G. and {Shelden}, A. and 
	{Sandford}, D. and {Siegmund}, W. and {Simmons}, A. and {Smith}, D.~S. and 
	{Snedden}, S. and {Schneider}, D.~P. and {SubbaRao}, M. and 
	{Tremonti}, C. and {Waddell}, P. and {York}, D.~G.},
    title = "{The Multi-object, Fiber-fed Spectrographs for the Sloan Digital Sky Survey and the Baryon Oscillation Spectroscopic Survey}",
  journal = {\aj},
archivePrefix = "arXiv",
   eprint = {1208.2233},
 primaryClass = "astro-ph.IM",
 keywords = {cosmology: observations, instrumentation: spectrographs, surveys },
     year = 2013,
    month = aug,
   volume = 146,
      eid = {32},
    pages = {32},
      doi = {10.1088/0004-6256/146/2/32},
   adsurl = {http://adsabs.harvard.edu/abs/2013AJ....146...32S},
  adsnote = {Provided by the SAO/NASA Astrophysics Data System}
}

@ARTICLE{sdss_boss_dawson_13,
   author = {{Dawson}, K.~S. and {Schlegel}, D.~J. and {Ahn}, C.~P. and {Anderson}, S.~F. and 
	{Aubourg}, {\'E}. and {Bailey}, S. and {Barkhouser}, R.~H. and 
	{Bautista}, J.~E. and {Beifiori}, A. and {Berlind}, A.~A. and 
	{Bhardwaj}, V. and {Bizyaev}, D. and {Blake}, C.~H. and {Blanton}, M.~R. and 
	{Blomqvist}, M. and {Bolton}, A.~S. and {Borde}, A. and {Bovy}, J. and 
	{Brandt}, W.~N. and {Brewington}, H. and {Brinkmann}, J. and 
	{Brown}, P.~J. and {Brownstein}, J.~R. and {Bundy}, K. and {Busca}, N.~G. and 
	{Carithers}, W. and {Carnero}, A.~R. and {Carr}, M.~A. and {Chen}, Y. and 
	{Comparat}, J. and {Connolly}, N. and {Cope}, F. and {Croft}, R.~A.~C. and 
	{Cuesta}, A.~J. and {da Costa}, L.~N. and {Davenport}, J.~R.~A. and 
	{Delubac}, T. and {de Putter}, R. and {Dhital}, S. and {Ealet}, A. and 
	{Ebelke}, G.~L. and {Eisenstein}, D.~J. and {Escoffier}, S. and 
	{Fan}, X. and {Filiz Ak}, N. and {Finley}, H. and {Font-Ribera}, A. and 
	{G{\'e}nova-Santos}, R. and {Gunn}, J.~E. and {Guo}, H. and 
	{Haggard}, D. and {Hall}, P.~B. and {Hamilton}, J.-C. and {Harris}, B. and 
	{Harris}, D.~W. and {Ho}, S. and {Hogg}, D.~W. and {Holder}, D. and 
	{Honscheid}, K. and {Huehnerhoff}, J. and {Jordan}, B. and {Jordan}, W.~P. and 
	{Kauffmann}, G. and {Kazin}, E.~A. and {Kirkby}, D. and {Klaene}, M.~A. and 
	{Kneib}, J.-P. and {Le Goff}, J.-M. and {Lee}, K.-G. and {Long}, D.~C. and 
	{Loomis}, C.~P. and {Lundgren}, B. and {Lupton}, R.~H. and {Maia}, M.~A.~G. and 
	{Makler}, M. and {Malanushenko}, E. and {Malanushenko}, V. and 
	{Mandelbaum}, R. and {Manera}, M. and {Maraston}, C. and {Margala}, D. and 
	{Masters}, K.~L. and {McBride}, C.~K. and {McDonald}, P. and 
	{McGreer}, I.~D. and {McMahon}, R.~G. and {Mena}, O. and {Miralda-Escud{\'e}}, J. and 
	{Montero-Dorta}, A.~D. and {Montesano}, F. and {Muna}, D. and 
	{Myers}, A.~D. and {Naugle}, T. and {Nichol}, R.~C. and {Noterdaeme}, P. and 
	{Nuza}, S.~E. and {Olmstead}, M.~D. and {Oravetz}, A. and {Oravetz}, D.~J. and 
	{Owen}, R. and {Padmanabhan}, N. and {Palanque-Delabrouille}, N. and 
	{Pan}, K. and {Parejko}, J.~K. and {P{\^a}ris}, I. and {Percival}, W.~J. and 
	{P{\'e}rez-Fournon}, I. and {P{\'e}rez-R{\`a}fols}, I. and {Petitjean}, P. and 
	{Pfaffenberger}, R. and {Pforr}, J. and {Pieri}, M.~M. and {Prada}, F. and 
	{Price-Whelan}, A.~M. and {Raddick}, M.~J. and {Rebolo}, R. and 
	{Rich}, J. and {Richards}, G.~T. and {Rockosi}, C.~M. and {Roe}, N.~A. and 
	{Ross}, A.~J. and {Ross}, N.~P. and {Rossi}, G. and {Rubi{\~n}o-Martin}, J.~A. and 
	{Samushia}, L. and {S{\'a}nchez}, A.~G. and {Sayres}, C. and 
	{Schmidt}, S.~J. and {Schneider}, D.~P. and {Sc{\'o}ccola}, C.~G. and 
	{Seo}, H.-J. and {Shelden}, A. and {Sheldon}, E. and {Shen}, Y. and 
	{Shu}, Y. and {Slosar}, A. and {Smee}, S.~A. and {Snedden}, S.~A. and 
	{Stauffer}, F. and {Steele}, O. and {Strauss}, M.~A. and {Streblyanska}, A. and 
	{Suzuki}, N. and {Swanson}, M.~E.~C. and {Tal}, T. and {Tanaka}, M. and 
	{Thomas}, D. and {Tinker}, J.~L. and {Tojeiro}, R. and {Tremonti}, C.~A. and 
	{Vargas Maga{\~n}a}, M. and {Verde}, L. and {Viel}, M. and {Wake}, D.~A. and 
	{Watson}, M. and {Weaver}, B.~A. and {Weinberg}, D.~H. and {Weiner}, B.~J. and 
	{West}, A.~A. and {White}, M. and {Wood-Vasey}, W.~M. and {Yeche}, C. and 
	{Zehavi}, I. and {Zhao}, G.-B. and {Zheng}, Z.},
    title = "{The Baryon Oscillation Spectroscopic Survey of SDSS-III}",
  journal = {\aj},
archivePrefix = "arXiv",
   eprint = {1208.0022},
 keywords = {cosmology: observations, surveys},
     year = 2013,
    month = jan,
   volume = 145,
      eid = {10},
    pages = {10},
      doi = {10.1088/0004-6256/145/1/10},
   adsurl = {http://adsabs.harvard.edu/abs/2013AJ....145...10D},
  adsnote = {Provided by the SAO/NASA Astrophysics Data System}
}

@ARTICLE{budavari_09,
   author = {{Budav{\'a}ri}, T. and {Wild}, V. and {Szalay}, A.~S. and {Dobos}, L. and 
	{Yip}, C.-W.},
    title = "{Reliable eigenspectra for new generation surveys}",
  journal = {\mnras},
archivePrefix = "arXiv",
   eprint = {0809.0881},
 keywords = {methods: statistical , galaxies: statistics},
     year = 2009,
    month = apr,
   volume = 394,
    pages = {1496-1502},
      doi = {10.1111/j.1365-2966.2009.14415.x},
   adsurl = {http://adsabs.harvard.edu/abs/2009MNRAS.394.1496B},
  adsnote = {Provided by the SAO/NASA Astrophysics Data System}
}

@INPROCEEDINGS{2009astro2010S.314S,
   author = {{Schlegel}, D. and {White}, M. and {Eisenstein}, D.},
    title = "{The Baryon Oscillation Spectroscopic Survey: Precision measurement of the absolute cosmic distance scale}",
booktitle = {astro2010: The Astronomy and Astrophysics Decadal Survey},
     year = 2009,
   series = {ArXiv Astrophysics e-prints},
   volume = 2010,
archivePrefix = "arXiv",
   eprint = {0902.4680},
 primaryClass = "astro-ph.CO",
   adsurl = {http://adsabs.harvard.edu/abs/2009astro2010S.314S},
  adsnote = {Provided by the SAO/NASA Astrophysics Data System}
}

@inproceedings{seabold2010statsmodels,
  title={Statsmodels: Econometric and statistical modeling with python},
  author={Seabold, Skipper and Perktold, Josef},
  booktitle={9th Python in Science Conference},
  year={2010},
}

@ARTICLE{sdss_dr13,
   author = {{SDSS Collaboration} and {Albareti}, F.~D. and {Allende Prieto}, C. and 
	{Almeida}, A. and {Anders}, F. and {Anderson}, S. and {Andrews}, B.~H. and 
	{Aragon-Salamanca}, A. and {Argudo-Fernandez}, M. and {Armengaud}, E. and et al.},
    title = "{The Thirteenth Data Release of the Sloan Digital Sky Survey: First Spectroscopic Data from the SDSS-IV Survey MApping Nearby Galaxies at Apache Point Observatory}",
  journal = {ArXiv e-prints},
archivePrefix = "arXiv",
   eprint = {1608.02013},
 keywords = {Astrophysics - Astrophysics of Galaxies},
     year = 2016,
    month = aug,
   adsurl = {http://adsabs.harvard.edu/abs/2016arXiv160802013S},
  adsnote = {Provided by the SAO/NASA Astrophysics Data System}
}

@ARTICLE{manga_inst,
   author = {{Drory}, N. and {MacDonald}, N. and {Bershady}, M.~A. and {Bundy}, K. and 
	{Gunn}, J. and {Law}, D.~R. and {Smith}, M. and {Stoll}, R. and 
	{Tremonti}, C.~A. and {Wake}, D.~A. and {Yan}, R. and {Weijmans}, A.~M. and 
	{Byler}, N. and {Cherinka}, B. and {Cope}, F. and {Eigenbrot}, A. and 
	{Harding}, P. and {Holder}, D. and {Huehnerhoff}, J. and {Jaehnig}, K. and 
	{Jansen}, T.~C. and {Klaene}, M. and {Paat}, A.~M. and {Percival}, J. and 
	{Sayres}, C.},
    title = "{The MaNGA Integral Field Unit Fiber Feed System for the Sloan 2.5 m Telescope}",
  journal = {\aj},
archivePrefix = "arXiv",
   eprint = {1412.1535},
 primaryClass = "astro-ph.IM",
 keywords = {galaxies: general, instrumentation: spectrographs, surveys, techniques: imaging spectroscopy},
     year = 2015,
    month = feb,
   volume = 149,
      eid = {77},
    pages = {77},
      doi = {10.1088/0004-6256/149/2/77},
   adsurl = {http://adsabs.harvard.edu/abs/2015AJ....149...77D},
  adsnote = {Provided by the SAO/NASA Astrophysics Data System}
}

@ARTICLE{manga_obs,
   author = {{Law}, D.~R. and {Yan}, R. and {Bershady}, M.~A. and {Bundy}, K. and 
	{Cherinka}, B. and {Drory}, N. and {MacDonald}, N. and {S{\'a}nchez-Gallego}, J.~R. and 
	{Wake}, D.~A. and {Weijmans}, A.-M. and {Blanton}, M.~R. and 
	{Klaene}, M.~A. and {Moran}, S.~M. and {Sanchez}, S.~F. and 
	{Zhang}, K.},
    title = "{Observing Strategy for the SDSS-IV/MaNGA IFU Galaxy Survey}",
  journal = {\aj},
archivePrefix = "arXiv",
   eprint = {1505.04285},
 primaryClass = "astro-ph.IM",
 keywords = {atmospheric effects, methods: observational, surveys, techniques: imaging spectroscopy},
     year = 2015,
    month = jul,
   volume = 150,
      eid = {19},
    pages = {19},
      doi = {10.1088/0004-6256/150/1/19},
   adsurl = {http://adsabs.harvard.edu/abs/2015AJ....150...19L},
  adsnote = {Provided by the SAO/NASA Astrophysics Data System}
}

@ARTICLE{manga_spectrophot,
   author = {{Yan}, R. and {Tremonti}, C. and {Bershady}, M.~A. and {Law}, D.~R. and 
	{Schlegel}, D.~J. and {Bundy}, K. and {Drory}, N. and {MacDonald}, N. and 
	{Bizyaev}, D. and {Blanc}, G.~A. and {Blanton}, M.~R. and {Cherinka}, B. and 
	{Eigenbrot}, A. and {Gunn}, J.~E. and {Harding}, P. and {Hogg}, D.~W. and 
	{S{\'a}nchez-Gallego}, J.~R. and {S{\'a}nchez}, S.~F. and {Wake}, D.~A. and 
	{Weijmans}, A.-M. and {Xiao}, T. and {Zhang}, K.},
    title = "{SDSS-IV/MaNGA: Spectrophotometric Calibration Technique}",
  journal = {\aj},
archivePrefix = "arXiv",
   eprint = {1511.01496},
 primaryClass = "astro-ph.IM",
 keywords = {atmospheric effects, methods: observational, surveys, techniques: imaging spectroscopy},
     year = 2016,
    month = jan,
   volume = 151,
      eid = {8},
    pages = {8},
      doi = {10.3847/0004-6256/151/1/8},
   adsurl = {http://adsabs.harvard.edu/abs/2016AJ....151....8Y},
  adsnote = {Provided by the SAO/NASA Astrophysics Data System}
}

@ARTICLE{manga_progress_yan_16,
   author = {{Yan}, R. and {Bundy}, K. and {Law}, D.~R. and {Bershady}, M.~A. and 
	{Andrews}, B. and {Cherinka}, B. and {Diamond-Stanic}, A.~M. and 
	{Drory}, N. and {MacDonald}, N. and {S{\'a}nchez-Gallego}, J.~R. and 
	{Thomas}, D. and {Wake}, D.~A. and {Weijmans}, A.-M. and {Westfall}, K.~B. and 
	{Zhang}, K. and {Arag{\'o}n-Salamanca}, A. and {Belfiore}, F. and 
	{Bizyaev}, D. and {Blanc}, G.~A. and {Blanton}, M.~R. and {Brownstein}, J. and 
	{Cappellari}, M. and {D'Souza}, R. and {Emsellem}, E. and {Fu}, H. and 
	{Gaulme}, P. and {Graham}, M.~T. and {Goddard}, D. and {Gunn}, J.~E. and 
	{Harding}, P. and {Jones}, A. and {Kinemuchi}, K. and {Li}, C. and 
	{Li}, H. and {Maiolino}, R. and {Mao}, S. and {Maraston}, C. and 
	{Masters}, K. and {Merrifield}, M.~R. and {Oravetz}, D. and 
	{Pan}, K. and {Parejko}, J.~K. and {Sanchez}, S.~F. and {Schlegel}, D. and 
	{Simmons}, A. and {Thanjavur}, K. and {Tinker}, J. and {Tremonti}, C. and 
	{van den Bosch}, R. and {Zheng}, Z.},
    title = "{SDSS-IV MaNGA IFS Galaxy Survey{\mdash}Survey Design, Execution, and Initial Data Quality}",
  journal = {\aj},
archivePrefix = "arXiv",
   eprint = {1607.08613},
 keywords = {galaxies: evolution, galaxies: general, surveys, techniques: imaging spectroscopy},
     year = 2016,
    month = dec,
   volume = 152,
      eid = {197},
    pages = {197},
      doi = {10.3847/0004-6256/152/6/197},
   adsurl = {http://adsabs.harvard.edu/abs/2016AJ....152..197Y},
  adsnote = {Provided by the SAO/NASA Astrophysics Data System}
}

@ARTICLE{manga_drp,
   author = {{Law}, D.~R. and {Cherinka}, B. and {Yan}, R. and {Andrews}, B.~H. and 
	{Bershady}, M.~A. and {Bizyaev}, D. and {Blanc}, G.~A. and {Blanton}, M.~R. and 
	{Bolton}, A.~S. and {Brownstein}, J.~R. and {Bundy}, K. and 
	{Chen}, Y. and {Drory}, N. and {D'Souza}, R. and {Fu}, H. and 
	{Jones}, A. and {Kauffmann}, G. and {MacDonald}, N. and {Masters}, K.~L. and 
	{Newman}, J.~A. and {Parejko}, J.~K. and {S{\'a}nchez-Gallego}, J.~R. and 
	{S{\'a}nchez}, S.~F. and {Schlegel}, D.~J. and {Thomas}, D. and 
	{Wake}, D.~A. and {Weijmans}, A.-M. and {Westfall}, K.~B. and 
	{Zhang}, K.},
    title = "{The Data Reduction Pipeline for the SDSS-IV MaNGA IFU Galaxy Survey}",
  journal = {\aj},
archivePrefix = "arXiv",
   eprint = {1607.08619},
 primaryClass = "astro-ph.IM",
 keywords = {methods: data analysis, surveys, techniques: imaging spectroscopy},
     year = 2016,
    month = oct,
   volume = 152,
      eid = {83},
    pages = {83},
      doi = {10.3847/0004-6256/152/4/83},
   adsurl = {http://adsabs.harvard.edu/abs/2016AJ....152...83L},
  adsnote = {Provided by the SAO/NASA Astrophysics Data System}
}

@ARTICLE{manga_dap,
   author = {{Westfall}, K.~B. and {Cappellari}, M. and {Bershady}, M.~A. and 
	{Bundy}, K. and {Belfiore}, F. and {Ji}, X. and {Law}, D.~R. and 
	{Schaefer}, A. and {Shetty}, S. and {Tremonti}, C.~A. and {Yan}, R. and 
	{Andrews}, B.~H. and {Brownstein}, J.~R. and {Cherinka}, B. and 
	{Coccato}, L. and {Drory}, N. and {Maraston}, C. and {Parikh}, T. and 
	{S{\'a}nchez-Gallego}, J.~R. and {Thomas}, D. and {Weijmans}, A.-M. and 
	{Barrera-Ballesteros}, J. and {Du}, C. and {Goddard}, D. and 
	{Li}, N. and {Masters}, K. and {Ibarra Medel}, H.~J. and {S{\'a}nchez}, S.~F. and 
	{Yang}, M. and {Zheng}, Z. and {Zhou}, S.},
    title = "{The Data Analysis Pipeline for the SDSS-IV MaNGA IFU Galaxy Survey: Overview}",
  journal = {arXiv e-prints},
archivePrefix = "arXiv",
   eprint = {1901.00856},
 keywords = {Astrophysics - Astrophysics of Galaxies},
     year = 2019,
    month = jan,
   adsurl = {http://adsabs.harvard.edu/abs/2019arXiv190100856W},
  adsnote = {Provided by the SAO/NASA Astrophysics Data System}
}

@ARTICLE{tinker_mstar,
   author = {{Tinker}, J.~L. and {Brownstein}, J.~R. and {Guo}, H. and {Leauthaud}, A. and 
	{Maraston}, C. and {Masters}, K. and {Montero-Dorta}, A.~D. and 
	{Thomas}, D. and {Tojeiro}, R. and {Weiner}, B. and {Zehavi}, I. and 
	{Olmstead}, M.~D.},
    title = "{The Correlation between Halo Mass and Stellar Mass for the Most Massive Galaxies in the Universe}",
  journal = {\apj},
archivePrefix = "arXiv",
   eprint = {1607.04678},
 keywords = {cosmology: observations, galaxies: abundances, galaxies: evolution, galaxies: halos, galaxies: luminosity function, mass function },
     year = 2017,
    month = apr,
   volume = 839,
      eid = {121},
    pages = {121},
      doi = {10.3847/1538-4357/aa6845},
   adsurl = {http://adsabs.harvard.edu/abs/2017ApJ...839..121T},
  adsnote = {Provided by the SAO/NASA Astrophysics Data System}
}

@ARTICLE{angus_16,
   author = {{Angus}, G.~W. and {Gentile}, G. and {Famaey}, B.},
    title = "{Dynamical measurement of the stellar surface density of face-on galaxies}",
  journal = {\aap},
archivePrefix = "arXiv",
   eprint = {1510.05150},
 keywords = {galaxies: kinematics and dynamics, dark matter, galaxies: structure, galaxies: spiral},
     year = 2016,
    month = jan,
   volume = 585,
      eid = {A17},
    pages = {A17},
      doi = {10.1051/0004-6361/201527122},
   adsurl = {http://adsabs.harvard.edu/abs/2016A\%26A...585A..17A},
  adsnote = {Provided by the SAO/NASA Astrophysics Data System}
}

@ARTICLE{diskmass_i,
   author = {{Bershady}, M.~A. and {Verheijen}, M.~A.~W. and {Swaters}, R.~A. and 
	{Andersen}, D.~R. and {Westfall}, K.~B. and {Martinsson}, T.
	},
    title = "{The DiskMass Survey. I. Overview}",
  journal = {\apj},
archivePrefix = "arXiv",
   eprint = {1004.4816},
 keywords = {dark matter, galaxies: evolution, galaxies: formation, galaxies: fundamental parameters, galaxies: halos, galaxies: kinematics and dynamics, galaxies: spiral, galaxies: stellar content, galaxies: structure},
     year = 2010,
    month = jun,
   volume = 716,
    pages = {198-233},
      doi = {10.1088/0004-637X/716/1/198},
   adsurl = {http://adsabs.harvard.edu/abs/2010ApJ...716..198B},
  adsnote = {Provided by the SAO/NASA Astrophysics Data System}
}

@ARTICLE{diskmass_ii,
   author = {{Bershady}, M.~A. and {Verheijen}, M.~A.~W. and {Westfall}, K.~B. and 
	{Andersen}, D.~R. and {Swaters}, R.~A. and {Martinsson}, T.},
    title = "{The DiskMass Survey. II. Error Budget}",
  journal = {\apj},
archivePrefix = "arXiv",
   eprint = {1004.5043},
 keywords = {dark matter, galaxies: evolution, galaxies: formation, galaxies: fundamental parameters, galaxies: halos, galaxies: kinematics and dynamics, galaxies: spiral, galaxies: stellar content, galaxies: structure, methods: data analysis, techniques: spectroscopic},
     year = 2010,
    month = jun,
   volume = 716,
    pages = {234-268},
      doi = {10.1088/0004-637X/716/1/234},
   adsurl = {http://adsabs.harvard.edu/abs/2010ApJ...716..234B},
  adsnote = {Provided by the SAO/NASA Astrophysics Data System}
}

@ARTICLE{diskmass_iii,
   author = {{Westfall}, K.~B. and {Bershady}, M.~A. and {Verheijen}, M.~A.~W.
	},
    title = "{The DiskMass Survey. III. Stellar Kinematics Via Cross-Correlation}",
  journal = {\apjs},
 keywords = {galaxies: kinematics and dynamics, galaxies: spiral, methods: data analysis, techniques: spectroscopic},
     year = 2011,
    month = mar,
   volume = 193,
      eid = {21},
    pages = {21},
      doi = {10.1088/0067-0049/193/1/21},
   adsurl = {http://adsabs.harvard.edu/abs/2011ApJS..193...21W},
  adsnote = {Provided by the SAO/NASA Astrophysics Data System}
}

@ARTICLE{diskmass_vi,
   author = {{Martinsson}, T.~P.~K. and {Verheijen}, M.~A.~W. and {Westfall}, K.~B. and 
	{Bershady}, M.~A. and {Schechtman-Rook}, A. and {Andersen}, D.~R. and 
	{Swaters}, R.~A.},
    title = "{The DiskMass Survey. VI. Gas and stellar kinematics in spiral galaxies from PPak integral-field spectroscopy}",
  journal = {\aap},
archivePrefix = "arXiv",
   eprint = {1307.8130},
 keywords = {techniques: imaging spectroscopy, galaxies: spiral, galaxies: structure, galaxies: kinematics and dynamics, galaxies: fundamental parameters},
     year = 2013,
    month = sep,
   volume = 557,
      eid = {A130},
    pages = {A130},
      doi = {10.1051/0004-6361/201220515},
   adsurl = {http://adsabs.harvard.edu/abs/2013A\%26A...557A.130M},
  adsnote = {Provided by the SAO/NASA Astrophysics Data System}
}

@ARTICLE{diskmass_vii,
   author = {{Martinsson}, T.~P.~K. and {Verheijen}, M.~A.~W. and {Westfall}, K.~B. and 
	{Bershady}, M.~A. and {Andersen}, D.~R. and {Swaters}, R.~A.
	},
    title = "{The DiskMass Survey. VII. The distribution of luminous and dark matter in spiral galaxies}",
  journal = {\aap},
archivePrefix = "arXiv",
   eprint = {1308.0336},
 keywords = {techniques: imaging spectroscopy, galaxies: spiral, galaxies: structure, galaxies: kinematics and dynamics, galaxies: fundamental parameters},
     year = 2013,
    month = sep,
   volume = 557,
      eid = {A131},
    pages = {A131},
      doi = {10.1051/0004-6361/201321390},
   adsurl = {http://adsabs.harvard.edu/abs/2013A\%26A...557A.131M},
  adsnote = {Provided by the SAO/NASA Astrophysics Data System}
}

@ARTICLE{bershady_11,
   author = {{Bershady}, M.~A. and {Martinsson}, T.~P.~K. and {Verheijen}, M.~A.~W. and 
	{Westfall}, K.~B. and {Andersen}, D.~R. and {Swaters}, R.~A.
	},
    title = "{Galaxy Disks are Submaximal}",
  journal = {\apjl},
archivePrefix = "arXiv",
   eprint = {1108.4314},
 keywords = {galaxies: formation, galaxies: fundamental parameters, galaxies: halos, galaxies: kinematics and dynamics, galaxies: spiral, galaxies: stellar content},
     year = 2011,
    month = oct,
   volume = 739,
      eid = {L47},
    pages = {L47},
      doi = {10.1088/2041-8205/739/2/L47},
   adsurl = {http://adsabs.harvard.edu/abs/2011ApJ...739L..47B},
  adsnote = {Provided by the SAO/NASA Astrophysics Data System}
}

@ARTICLE{steckmap,
   author = {{Ocvirk}, P. and {Pichon}, C. and {Lan{\c c}on}, A. and {Thi{\'e}baut}, E.
	},
    title = "{STECKMAP: STEllar Content and Kinematics from high resolution galactic spectra via Maximum A Posteriori}",
  journal = {\mnras},
   eprint = {astro-ph/0507002},
 keywords = {methods: data analysis, methods: statistical, techniques: spectroscopic, galaxies: abundances, galaxies: kinematics and dynamics, galaxies: stellar content},
     year = 2006,
    month = jan,
   volume = 365,
    pages = {74-84},
      doi = {10.1111/j.1365-2966.2005.09323.x},
   adsurl = {http://adsabs.harvard.edu/abs/2006MNRAS.365...74O},
  adsnote = {Provided by the SAO/NASA Astrophysics Data System}
}

@ARTICLE{vespa_tojeiro,
   author = {{Tojeiro}, R. and {Heavens}, A.~F. and {Jimenez}, R. and {Panter}, B.
	},
    title = "{Recovering galaxy star formation and metallicity histories from spectra using VESPA}",
  journal = {\mnras},
archivePrefix = "arXiv",
   eprint = {0704.0941},
 keywords = {methods: data analysis, methods: statistical, galaxies: evolution, galaxies: formation, galaxies: stellar content},
     year = 2007,
    month = nov,
   volume = 381,
    pages = {1252-1266},
      doi = {10.1111/j.1365-2966.2007.12323.x},
   adsurl = {http://adsabs.harvard.edu/abs/2007MNRAS.381.1252T},
  adsnote = {Provided by the SAO/NASA Astrophysics Data System}
}

@ARTICLE{starlight,
   author = {{Cid Fernandes}, R. and {Mateus}, A. and {Sodr{\'e}}, L. and 
	{Stasi{\'n}ska}, G. and {Gomes}, J.~M.},
    title = "{Semi-empirical analysis of Sloan Digital Sky Survey galaxies - I. Spectral synthesis method}",
  journal = {\mnras},
   eprint = {astro-ph/0412481},
 keywords = {galaxies: evolution, galaxies: fundamental parameters, galaxies: statistics, galaxies: stellar content},
     year = 2005,
    month = apr,
   volume = 358,
    pages = {363-378},
      doi = {10.1111/j.1365-2966.2005.08752.x},
   adsurl = {http://adsabs.harvard.edu/abs/2005MNRAS.358..363C},
  adsnote = {Provided by the SAO/NASA Astrophysics Data System}
}

@ARTICLE{pipe3d_i,
   author = {{S{\'a}nchez}, S.~F. and {P{\'e}rez}, E. and {S{\'a}nchez-Bl{\'a}zquez}, P. and 
	{Gonz{\'a}lez}, J.~J. and {Ros{\'a}lez-Ortega}, F.~F. and {Cano-D{\'{\i}} az}, M. and 
	{L{\'o}pez-Cob{\'a}}, C. and {Marino}, R.~A. and {Gil de Paz}, A. and 
	{Moll{\'a}}, M. and {L{\'o}pez-S{\'a}nchez}, A.~R. and {Ascasibar}, Y. and 
	{Barrera-Ballesteros}, J.},
    title = "{Pipe3D, a pipeline to analyze Integral Field Spectroscopy Data: I. New fitting philosophy of FIT3D}",
  journal = {\rmxaa},
archivePrefix = "arXiv",
   eprint = {1509.08552},
 primaryClass = "astro-ph.IM",
 keywords = {galaxies: ISM, techniques: spectroscopic},
     year = 2016,
    month = apr,
   volume = 52,
    pages = {21-53},
   adsurl = {http://adsabs.harvard.edu/abs/2016RMxAA..52...21S},
  adsnote = {Provided by the SAO/NASA Astrophysics Data System}
}

@ARTICLE{pipe3d_ii,
   author = {{S{\'a}nchez}, S.~F. and {P{\'e}rez}, E. and {S{\'a}nchez-Bl{\'a}zquez}, P. and 
	{Garc{\'{\i}}a-Benito}, R. and {Ibarra-Mede}, H.~J. and {Gonz{\'a}lez}, J.~J. and 
	{Rosales-Ortega}, F.~F. and {S{\'a}nchez-Menguiano}, L. and 
	{Ascasibar}, Y. and {Bitsakis}, T. and {Law}, D. and {Cano-D{\'{\i}}az}, M. and 
	{L{\'o}pez-Cob{\'a}}, C. and {Marino}, R.~A. and {Gil de Paz}, A. and 
	{L{\'o}pez-S{\'a}nchez}, A.~R. and {Barrera-Ballesteros}, J. and 
	{Galbany}, L. and {Mast}, D. and {Abril-Melgarejo}, V. and {Roman-Lopes}, A.
	},
    title = "{Pipe3D, a pipeline to analyze Integral Field Spectroscopy Data: II. Analysis sequence and CALIFA dataproducts}",
  journal = {\rmxaa},
archivePrefix = "arXiv",
   eprint = {1602.01830},
 primaryClass = "astro-ph.IM",
 keywords = {galaxies: structure, methods: data analysis, surveys, techniques: spectroscopic},
     year = 2016,
    month = apr,
   volume = 52,
    pages = {171-220},
   adsurl = {http://adsabs.harvard.edu/abs/2016RMxAA..52..171S},
  adsnote = {Provided by the SAO/NASA Astrophysics Data System}
}

@ARTICLE{worthey_94,
   author = {{Worthey}, G. and {Faber}, S.~M. and {Gonzalez}, J.~J. and {Burstein}, D.
	},
    title = "{Old stellar populations. 5: Absorption feature indices for the complete LICK/IDS sample of stars}",
  journal = {\apjs},
 keywords = {Absorption Spectra, Sky Surveys (Astronomy), Star Distribution, Abundance, Metallicity, Stellar Atmospheres, Stellar Gravitation, Stellar Temperature},
     year = 1994,
    month = oct,
   volume = 94,
    pages = {687-722},
      doi = {10.1086/192087},
   adsurl = {http://adsabs.harvard.edu/abs/1994ApJS...94..687W},
  adsnote = {Provided by the SAO/NASA Astrophysics Data System}
}

@ARTICLE{worthey_ottaviani_97,
   author = {{Worthey}, G. and {Ottaviani}, D.~L.},
    title = "{H{$\gamma$} and H{$\delta$} Absorption Features in Stars and Stellar Populations}",
  journal = {\apjs},
 keywords = {GALAXIES: EVOLUTION, GALAXIES: STELLAR CONTENT, LINE: PROFILES, STARS: ABUNDANCES, Galaxies: Evolution, Galaxies: Stellar Content, Line: Profiles, Stars: Abundances},
     year = 1997,
    month = aug,
   volume = 111,
    pages = {377-386},
      doi = {10.1086/313021},
   adsurl = {http://cdsads.u-strasbg.fr/abs/1997ApJS..111..377W},
  adsnote = {Provided by the SAO/NASA Astrophysics Data System}
}

@ARTICLE{thomas_03,
   author = {{Thomas}, D. and {Maraston}, C. and {Bender}, R.},
    title = "{Stellar population models of Lick indices with variable element abundance ratios}",
  journal = {\mnras},
   eprint = {astro-ph/0209250},
 keywords = {stars: abundances, Galaxy: abundances, globular clusters: general, galaxies: elliptical and lenticular, cD, galaxies: stellar content},
     year = 2003,
    month = mar,
   volume = 339,
    pages = {897-911},
      doi = {10.1046/j.1365-8711.2003.06248.x},
   adsurl = {http://adsabs.harvard.edu/abs/2003MNRAS.339..897T},
  adsnote = {Provided by the SAO/NASA Astrophysics Data System}
}

@ARTICLE{maller_09,
   author = {{Maller}, A.~H. and {Berlind}, A.~A. and {Blanton}, M.~R. and 
	{Hogg}, D.~W.},
    title = "{The Intrinsic Properties of SDSS Galaxies}",
  journal = {\apj},
archivePrefix = "arXiv",
   eprint = {0801.3286},
 keywords = {galaxies: clusters: general, galaxies: statistics, methods: statistical, surveys},
     year = 2009,
    month = jan,
   volume = 691,
    pages = {394-406},
      doi = {10.1088/0004-637X/691/1/394},
   adsurl = {http://adsabs.harvard.edu/abs/2009ApJ...691..394M},
  adsnote = {Provided by the SAO/NASA Astrophysics Data System}
}

@ARTICLE{kauffmann_heckman_white_03,
   author = {{Kauffmann}, G. and {Heckman}, T.~M. and {White}, S.~D.~M. and 
	{Charlot}, S. and {Tremonti}, C. and {Brinchmann}, J. and {Bruzual}, G. and 
	{Peng}, E.~W. and {Seibert}, M. and {Bernardi}, M. and {Blanton}, M. and 
	{Brinkmann}, J. and {Castander}, F. and {Cs{\'a}bai}, I. and 
	{Fukugita}, M. and {Ivezic}, Z. and {Munn}, J.~A. and {Nichol}, R.~C. and 
	{Padmanabhan}, N. and {Thakar}, A.~R. and {Weinberg}, D.~H. and 
	{York}, D.},
    title = "{Stellar masses and star formation histories for 10$^{5}$ galaxies from the Sloan Digital Sky Survey}",
  journal = {\mnras},
   eprint = {astro-ph/0204055},
 keywords = {galaxies: evolution, galaxies: formation, galaxies: stellar content},
     year = 2003,
    month = may,
   volume = 341,
    pages = {33-53},
      doi = {10.1046/j.1365-8711.2003.06291.x},
   adsurl = {http://adsabs.harvard.edu/abs/2003MNRAS.341...33K},
  adsnote = {Provided by the SAO/NASA Astrophysics Data System}
}

@ARTICLE{bell_03,
   author = {{Bell}, E.~F. and {McIntosh}, D.~H. and {Katz}, N. and {Weinberg}, M.~D.
	},
    title = "{The Optical and Near-Infrared Properties of Galaxies. I. Luminosity and Stellar Mass Functions}",
  journal = {\apjs},
   eprint = {astro-ph/0302543},
 keywords = {Galaxies: Evolution, Galaxies: General, Galaxies: Luminosity Function, Mass Function, Galaxies: Stellar Content},
     year = 2003,
    month = dec,
   volume = 149,
    pages = {289-312},
      doi = {10.1086/378847},
   adsurl = {http://adsabs.harvard.edu/abs/2003ApJS..149..289B},
  adsnote = {Provided by the SAO/NASA Astrophysics Data System}
}

@ARTICLE{gallazzi_bell_09,
   author = {{Gallazzi}, A. and {Bell}, E.~F.},
    title = "{Stellar Mass-to-Light Ratios from Galaxy Spectra: How Accurate Can They Be?}",
  journal = {\apjs},
archivePrefix = "arXiv",
   eprint = {0910.1591},
 keywords = {galaxies: fundamental parameters, galaxies: stellar content, methods: data analysis},
     year = 2009,
    month = dec,
   volume = 185,
    pages = {253-272},
      doi = {10.1088/0067-0049/185/2/253},
   adsurl = {http://adsabs.harvard.edu/abs/2009ApJS..185..253G},
  adsnote = {Provided by the SAO/NASA Astrophysics Data System}
}

@ARTICLE{maraston_06,
   author = {{Maraston}, C. and {Daddi}, E. and {Renzini}, A. and {Cimatti}, A. and 
	{Dickinson}, M. and {Papovich}, C. and {Pasquali}, A. and {Pirzkal}, N.
	},
    title = "{Evidence for TP-AGB Stars in High-Redshift Galaxies, and Their Effect on Deriving Stellar Population Parameters}",
  journal = {\apj},
   eprint = {astro-ph/0604530},
 keywords = {Galaxies: Evolution, Galaxies: Formation, Galaxies: High-Redshift, Stars: AGB and Post-AGB},
     year = 2006,
    month = nov,
   volume = 652,
    pages = {85-96},
      doi = {10.1086/508143},
   adsurl = {http://adsabs.harvard.edu/abs/2006ApJ...652...85M},
  adsnote = {Provided by the SAO/NASA Astrophysics Data System}
}

@ARTICLE{mckee_ostriker_SFRev,
   author = {{McKee}, C.~F. and {Ostriker}, E.~C.},
    title = "{Theory of Star Formation}",
  journal = {\araa},
archivePrefix = "arXiv",
   eprint = {0707.3514},
     year = 2007,
    month = sep,
   volume = 45,
    pages = {565-687},
      doi = {10.1146/annurev.astro.45.051806.110602},
   adsurl = {http://adsabs.harvard.edu/abs/2007ARA\%26A..45..565M},
  adsnote = {Provided by the SAO/NASA Astrophysics Data System}
}

@inproceedings{aggarwal_01,
  title={On the surprising behavior of distance metrics in high dimensional space},
  author={Aggarwal, Charu C and Hinneburg, Alexander and Keim, Daniel A},
  booktitle={International Conference on Database Theory},
  pages={420-434},
  year={2001},
  organization={Springer}
}

@ARTICLE{kauffmann_charlot_98,
   author = {{Kauffmann}, G. and {Charlot}, S.},
    title = "{The K-band luminosity function at z=1: a powerful constraint on galaxy formation theory}",
  journal = {\mnras},
   eprint = {astro-ph/9802233},
 keywords = {GALAXIES: EVOLUTION, GALAXIES: FORMATION, GALAXIES: STELLAR CONTENT},
     year = 1998,
    month = jun,
   volume = 297,
    pages = {L23-l28},
      doi = {10.1046/j.1365-8711.1998.01708.x},
   adsurl = {http://adsabs.harvard.edu/abs/1998MNRAS.297L..23K},
  adsnote = {Provided by the SAO/NASA Astrophysics Data System}
}

@ARTICLE{simha_14_SFHs,
   author = {{Simha}, V. and {Weinberg}, D.~H. and {Conroy}, C. and {Dave}, R. and 
	{Fardal}, M. and {Katz}, N. and {Oppenheimer}, B.~D.},
    title = "{Parametrising Star Formation Histories}",
  journal = {ArXiv e-prints},
archivePrefix = "arXiv",
   eprint = {1404.0402},
 keywords = {Astrophysics - Astrophysics of Galaxies, Astrophysics - Cosmology and Nongalactic Astrophysics},
     year = 2014,
    month = apr,
   adsurl = {http://adsabs.harvard.edu/abs/2014arXiv1404.0402S},
  adsnote = {Provided by the SAO/NASA Astrophysics Data System}
}

@ARTICLE{pacifici_12_SFHs,
   author = {{Pacifici}, C. and {Charlot}, S. and {Blaizot}, J. and {Brinchmann}, J.
	},
    title = "{Relative merits of different types of rest-frame optical observations to constrain galaxy physical parameters}",
  journal = {\mnras},
archivePrefix = "arXiv",
   eprint = {1201.0780},
 keywords = {galaxies: general, galaxies: ISM, galaxies: statistics, galaxies: stellar content},
     year = 2012,
    month = apr,
   volume = 421,
    pages = {2002-2024},
      doi = {10.1111/j.1365-2966.2012.20431.x},
   adsurl = {http://adsabs.harvard.edu/abs/2012MNRAS.421.2002P},
  adsnote = {Provided by the SAO/NASA Astrophysics Data System}
}

@ARTICLE{pacifici_13_SFHs,
   author = {{Pacifici}, C. and {Kassin}, S.~A. and {Weiner}, B. and {Charlot}, S. and 
	{Gardner}, J.~P.},
    title = "{The Rise and Fall of the Star Formation Histories of Blue Galaxies at Redshifts 0.2 $\lt$ z $\lt$ 1.4}",
  journal = {\apjl},
archivePrefix = "arXiv",
   eprint = {1210.0543},
 keywords = {galaxies: evolution, galaxies: star formation, galaxies: stellar content },
     year = 2013,
    month = jan,
   volume = 762,
      eid = {L15},
    pages = {L15},
      doi = {10.1088/2041-8205/762/1/L15},
   adsurl = {http://adsabs.harvard.edu/abs/2013ApJ...762L..15P},
  adsnote = {Provided by the SAO/NASA Astrophysics Data System}
}

@ARTICLE{behroozi_wechsler_conroy_13,
   author = {{Behroozi}, P.~S. and {Wechsler}, R.~H. and {Conroy}, C.},
    title = "{The Average Star Formation Histories of Galaxies in Dark Matter Halos from z = 0-8}",
  journal = {\apj},
archivePrefix = "arXiv",
   eprint = {1207.6105},
 primaryClass = "astro-ph.CO",
 keywords = {dark matter, galaxies: abundances, galaxies: evolution, methods: numerical},
     year = 2013,
    month = jun,
   volume = 770,
      eid = {57},
    pages = {57},
      doi = {10.1088/0004-637X/770/1/57},
   adsurl = {http://adsabs.harvard.edu/abs/2013ApJ...770...57B},
  adsnote = {Provided by the SAO/NASA Astrophysics Data System}
}

@ARTICLE{martinez-garcia_17,
   author = {{Mart{\'{\i}}nez-Garc{\'{\i}}a}, E.~E. and {Gonz{\'a}lez-L{\'o}pezlira}, R.~A. and 
	{Gladis Magris}, C. and {Bruzual}, A.~G.},
    title = "{Removing Biases in Resolved Stellar Mass Maps of Galaxy Disks through Successive Bayesian Marginalize}",
  journal = {\apj},
archivePrefix = "arXiv",
   eprint = {1612.01027},
 keywords = {galaxies: fundamental parameters, galaxies: photometry, galaxies: spiral, galaxies: stellar content, methods: statistical },
     year = 2017,
    month = jan,
   volume = 835,
      eid = {93},
    pages = {93},
      doi = {10.3847/1538-4357/835/1/93},
   adsurl = {http://adsabs.harvard.edu/abs/2017ApJ...835...93M},
  adsnote = {Provided by the SAO/NASA Astrophysics Data System}
}

@ARTICLE{cappellari_17,
   author = {{Cappellari}, M.},
    title = "{Improving the full spectrum fitting method: accurate convolution with Gauss-Hermite functions}",
  journal = {\mnras},
archivePrefix = "arXiv",
   eprint = {1607.08538},
 keywords = {techniques: radial velocities, techniques: spectroscopic, galaxies: kinematics and dynamics},
     year = 2017,
    month = apr,
   volume = 466,
    pages = {798-811},
      doi = {10.1093/mnras/stw3020},
   adsurl = {http://adsabs.harvard.edu/abs/2017MNRAS.466..798C},
  adsnote = {Provided by the SAO/NASA Astrophysics Data System}
}

@ARTICLE{blanton_roweis_07,
   author = {{Blanton}, M.~R. and {Roweis}, S.},
    title = "{K-Corrections and Filter Transformations in the Ultraviolet, Optical, and Near-Infrared}",
  journal = {\aj},
   eprint = {astro-ph/0606170},
 keywords = {galaxies: fundamental parameters, galaxies: photometry, galaxies: statistics},
     year = 2007,
    month = feb,
   volume = 133,
    pages = {734-754},
      doi = {10.1086/510127},
   adsurl = {http://adsabs.harvard.edu/abs/2007AJ....133..734B},
  adsnote = {Provided by the SAO/NASA Astrophysics Data System}
}

@MISC{blanton_roweis_07_software,
   author = {{Blanton}, M.~R. and {Roweis}, S.},
    title = "{kcorrect: Calculate K-corrections between observed and desired bandpasses}",
 keywords = {Software },
howpublished = {Astrophysics Source Code Library},
     year = 2017,
    month = jan,
archivePrefix = "ascl",
   eprint = {1701.010},
   adsurl = {http://adsabs.harvard.edu/abs/2017ascl.soft01010B},
  adsnote = {Provided by the SAO/NASA Astrophysics Data System}
}

@ARTICLE{marigo_08,
   author = {{Marigo}, P. and {Girardi}, L. and {Bressan}, A. and {Groenewegen}, M.~A.~T. and 
	{Silva}, L. and {Granato}, G.~L.},
    title = "{Evolution of asymptotic giant branch stars. II. Optical to far-infrared isochrones with improved TP-AGB models}",
  journal = {\aap},
archivePrefix = "arXiv",
   eprint = {0711.4922},
 keywords = {astronomical data bases: miscellaneous, stars: AGB and post-AGB, stars: carbon, stars: evolution, galaxies: Magellanic Clouds, stars: Hertzsprung-Russell (HR) and C-M diagrams},
     year = 2008,
    month = may,
   volume = 482,
    pages = {883-905},
      doi = {10.1051/0004-6361:20078467},
   adsurl = {http://adsabs.harvard.edu/abs/2008A\%26A...482..883M},
  adsnote = {Provided by the SAO/NASA Astrophysics Data System}
}

@ARTICLE{terlevich_caII_89,
   author = {{Terlevich}, E. and {Diaz}, A.~I. and {Terlevich}, R.},
    title = "{Stellar atmospheric parameters and the IR CA II triplet}",
  journal = {\apss},
 keywords = {Calcium, Fine Structure, Infrared Spectra, Stellar Atmospheres, Charge Coupled Devices, Star Distribution},
     year = 1989,
    month = jul,
   volume = 157,
    pages = {15-21},
      doi = {10.1007/BF00637305},
   adsurl = {http://adsabs.harvard.edu/abs/1989Ap\%26SS.157...15T},
  adsnote = {Provided by the SAO/NASA Astrophysics Data System}
}

@ARTICLE{vazdekis_caII_03,
   author = {{Vazdekis}, A. and {Cenarro}, A.~J. and {Gorgas}, J. and {Cardiel}, N. and 
	{Peletier}, R.~F.},
    title = "{Empirical calibration of the near-infrared CaII triplet - IV. The stellar population synthesis models}",
  journal = {\mnras},
   eprint = {astro-ph/0303297},
 keywords = {stars: fundamental parameters, globular clusters: general, galaxies: abundances, galaxies: elliptical and lenticular, cD, galaxies: evolution, galaxies: stellar content},
     year = 2003,
    month = apr,
   volume = 340,
    pages = {1317-1345},
      doi = {10.1046/j.1365-8711.2003.06413.x},
   adsurl = {http://adsabs.harvard.edu/abs/2003MNRAS.340.1317V},
  adsnote = {Provided by the SAO/NASA Astrophysics Data System}
}

@ARTICLE{zibetti_2009,
   author = {{Zibetti}, S. and {Charlot}, S. and {Rix}, H.-W.},
    title = "{Resolved stellar mass maps of galaxies - I. Method and implications for global mass estimates}",
  journal = {\mnras},
archivePrefix = "arXiv",
   eprint = {0904.4252},
 primaryClass = "astro-ph.CO",
 keywords = {techniques: image processing , techniques: photometric , galaxies: fundamental parameters , galaxies: general , galaxies: photometry , galaxies: stellar content},
     year = 2009,
    month = dec,
   volume = 400,
    pages = {1181-1198},
      doi = {10.1111/j.1365-2966.2009.15528.x},
   adsurl = {http://adsabs.harvard.edu/abs/2009MNRAS.400.1181Z},
  adsnote = {Provided by the SAO/NASA Astrophysics Data System}
}

@ARTICLE{charlot_fall_00,
   author = {{Charlot}, S. and {Fall}, S.~M.},
    title = "{A Simple Model for the Absorption of Starlight by Dust in Galaxies}",
  journal = {\apj},
   eprint = {astro-ph/0003128},
 keywords = {ISM: Dust, Extinction, Galaxies: ISM, Galaxies: Starburst, Infrared: Galaxies, Ultraviolet: Galaxies},
     year = 2000,
    month = aug,
   volume = 539,
    pages = {718-731},
      doi = {10.1086/309250},
   adsurl = {http://adsabs.harvard.edu/abs/2000ApJ...539..718C},
  adsnote = {Provided by the SAO/NASA Astrophysics Data System}
}

@ARTICLE{kong_01_pca,
   author = {{Kong}, X. and {Cheng}, F.~Z.},
    title = "{Principal component analysis for spectral indices of stellar populations}",
  journal = {\mnras},
   eprint = {astro-ph/0112099},
 keywords = {METHODS: DATA ANALYSIS, GALAXIES: EVOLUTION, GALAXIES: FUNDAMENTAL PARAMETERS, GALAXIES: STAR CLUSTERS},
     year = 2001,
    month = may,
   volume = 323,
    pages = {1035-1040},
      doi = {10.1046/j.1365-8711.2001.04301.x},
   adsurl = {http://adsabs.harvard.edu/abs/2001MNRAS.323.1035K},
  adsnote = {Provided by the SAO/NASA Astrophysics Data System}
}

@INPROCEEDINGS{silva_2016_MzLS,
   author = {{Silva}, D.~R. and {Blum}, R.~D. and {Allen}, L. and {Dey}, A. and 
	{Schlegel}, D.~J. and {Lang}, D. and {Moustakas}, J. and {Meisner}, A.~M. and 
	{Valdes}, F. and {Patej}, A. and {Myers}, A.~D. and {Sprayberry}, D. and 
	{Saha}, A. and {Olsen}, K.~A. and {Safonova}, S. and {Yang}, Q. and 
	{Burleigh}, K.~J. and {MzLS Team}},
    title = "{The Mayall z-band Legacy Survey}",
booktitle = {American Astronomical Society Meeting Abstracts},
     year = 2016,
   series = {American Astronomical Society Meeting Abstracts},
   volume = 228,
    month = jun,
      eid = {317.02},
    pages = {317.02},
   adsurl = {http://adsabs.harvard.edu/abs/2016AAS...22831702S},
  adsnote = {Provided by the SAO/NASA Astrophysics Data System}
}

@ARTICLE{courteau_14_ml,
   author = {{Courteau}, S. and {Cappellari}, M. and {de Jong}, R.~S. and 
	{Dutton}, A.~A. and {Emsellem}, E. and {Hoekstra}, H. and {Koopmans}, L.~V.~E. and 
	{Mamon}, G.~A. and {Maraston}, C. and {Treu}, T. and {Widrow}, L.~M.
	},
    title = "{Galaxy masses}",
  journal = {Reviews of Modern Physics},
archivePrefix = "arXiv",
   eprint = {1309.3276},
 keywords = {Mass and mass distribution, Statistical and correlative studies of properties, Mass and density},
     year = 2014,
    month = jan,
   volume = 86,
    pages = {47-119},
      doi = {10.1103/RevModPhys.86.47},
   adsurl = {http://adsabs.harvard.edu/abs/2014RvMP...86...47C},
  adsnote = {Provided by the SAO/NASA Astrophysics Data System}
}

@ARTICLE{deblok_96,
   author = {{de Blok}, W.~J.~G. and {McGaugh}, S.~S. and {van der Hulst}, J.~M.
	},
    title = "{HI observations of low surface brightness galaxies: probing low-density galaxies}",
  journal = {\mnras},
   eprint = {astro-ph/9605069},
 keywords = {GALAXIES: EVOLUTION, GALAXIES: FUNDAMENTAL PARAMETERS, GALAXIES: KINEMATICS AND DYNAMICS, GALAXIES: SPIRAL, GALAXIES: STRUCTURE, DARK MATTER.},
     year = 1996,
    month = nov,
   volume = 283,
    pages = {18-54},
      doi = {10.1093/mnras/283.1.18},
   adsurl = {http://adsabs.harvard.edu/abs/1996MNRAS.283...18D},
  adsnote = {Provided by the SAO/NASA Astrophysics Data System}
}

@ARTICLE{mcgaugh_de-blok_97,
   author = {{McGaugh}, S.~S. and {de Blok}, W.~J.~G.},
    title = "{Gas Mass Fractions and the Evolution of Spiral Galaxies}",
  journal = {\apj},
   eprint = {astro-ph/9612070},
 keywords = {Galaxies: Evolution, Galaxies: Fundamental Parameters, Galaxies: ISM, Galaxies: Spiral},
     year = 1997,
    month = may,
   volume = 481,
    pages = {689-702},
   adsurl = {http://adsabs.harvard.edu/abs/1997ApJ...481..689M},
  adsnote = {Provided by the SAO/NASA Astrophysics Data System}
}

@ARTICLE{gonzalez-delgado_14,
   author = {{Gonz{\'a}lez Delgado}, R.~M. and {P{\'e}rez}, E. and {Cid Fernandes}, R. and 
	{Garc{\'{\i}}a-Benito}, R. and {de Amorim}, A.~L. and {S{\'a}nchez}, S.~F. and 
	{Husemann}, B. and {Cortijo-Ferrero}, C. and {L{\'o}pez Fern{\'a}ndez}, R. and 
	{S{\'a}nchez-Bl{\'a}zquez}, P. and {Bekeraite}, S. and {Walcher}, C.~J. and 
	{Falc{\'o}n-Barroso}, J. and {Gallazzi}, A. and {van de Ven}, G. and 
	{Alves}, J. and {Bland-Hawthorn}, J. and {Kennicutt}, R.~C. and 
	{Kupko}, D. and {Lyubenova}, M. and {Mast}, D. and {Moll{\'a}}, M. and 
	{Marino}, R.~A. and {Quirrenbach}, A. and {V{\'{\i}}lchez}, J.~M. and 
	{Wisotzki}, L.},
    title = "{The star formation history of CALIFA galaxies: Radial structures}",
  journal = {\aap},
archivePrefix = "arXiv",
   eprint = {1310.5517},
 keywords = {galaxies: evolution, galaxies: stellar content, galaxies: structure, galaxies: fundamental parameters, galaxies: bulges, galaxies: spiral},
     year = 2014,
    month = feb,
   volume = 562,
      eid = {A47},
    pages = {A47},
      doi = {10.1051/0004-6361/201322011},
   adsurl = {http://adsabs.harvard.edu/abs/2014A%26A...562A..47G},
  adsnote = {Provided by the SAO/NASA Astrophysics Data System}
}

@ARTICLE{manga_sample_wake_17,
   author = {{Wake}, D.~A. and {Bundy}, K. and {Diamond-Stanic}, A.~M. and 
	{Yan}, R. and {Blanton}, M.~R. and {Bershady}, M.~A. and {S{\'a}nchez-Gallego}, J.~R. and 
	{Drory}, N. and {Jones}, A. and {Kauffmann}, G. and {Law}, D.~R. and 
	{Li}, C. and {MacDonald}, N. and {Masters}, K. and {Thomas}, D. and 
	{Tinker}, J. and {Weijmans}, A.-M. and {Brownstein}, J.~R.},
    title = "{The SDSS-IV MaNGA Sample: Design, Optimization, and Usage Considerations}",
  journal = {\aj},
archivePrefix = "arXiv",
   eprint = {1707.02989},
 keywords = {galaxies: evolution, galaxies: general, galaxies: statistics, surveys},
     year = 2017,
    month = sep,
   volume = 154,
      eid = {86},
    pages = {86},
      doi = {10.3847/1538-3881/aa7ecc},
   adsurl = {http://adsabs.harvard.edu/abs/2017AJ....154...86W},
  adsnote = {Provided by the SAO/NASA Astrophysics Data System}
}

@ARTICLE{dimatteo_08,
   author = {{Di Matteo}, P. and {Bournaud}, F. and {Martig}, M. and {Combes}, F. and 
	{Melchior}, A.-L. and {Semelin}, B.},
    title = "{On the frequency, intensity, and duration of starburst episodes triggered by galaxy interactions and mergers}",
  journal = {\aap},
archivePrefix = "arXiv",
   eprint = {0809.2592},
 keywords = {galaxies: evolution, galaxies: interactions, galaxies: starburst, methods: numerical},
     year = 2008,
    month = dec,
   volume = 492,
    pages = {31-49},
      doi = {10.1051/0004-6361:200809480},
   adsurl = {http://adsabs.harvard.edu/abs/2008A%26A...492...31D},
  adsnote = {Provided by the SAO/NASA Astrophysics Data System}
}

@BOOK{osterbrock_ferland_06,
   author = {{Osterbrock}, D.~E. and {Ferland}, G.~J.},
    title = "{Astrophysics of gaseous nebulae and active galactic nuclei}",
 keywords = {GASEOUS NEBULAE, PHOTOIONIZATION, THERMAL EQUILIBRIUM, EMISSION SPECTRA, INTERSTELLAR DUST, H II REGIONS, PLANETARY NEBULAE, SUPERNOVA REMNANTS, ACTIVE GALACTIC NUCLEI},
booktitle = {Astrophysics of gaseous nebulae and active galactic nuclei, 2nd.~ed.~by D.E.~Osterbrock and G.J.~Ferland.~Sausalito, CA: University Science Books, 2006},
     year = 2006,
   adsurl = {http://adsabs.harvard.edu/abs/2006agna.book.....O},
  adsnote = {Provided by the SAO/NASA Astrophysics Data System}
}

@ARTICLE{tinsley_72,
   author = {{Tinsley}, B.~M.},
    title = "{Galactic Evolution}",
  journal = {\aap},
     year = 1972,
    month = sep,
   volume = 20,
    pages = {383},
   adsurl = {http://adsabs.harvard.edu/abs/1972A%26A....20..383T},
  adsnote = {Provided by the SAO/NASA Astrophysics Data System}
}

@ARTICLE{tinsley_73,
   author = {{Tinsley}, B.~M.},
    title = "{Analytical Approximations to the Evolution of Galaxies}",
  journal = {\apj},
     year = 1973,
    month = nov,
   volume = 186,
    pages = {35-49},
      doi = {10.1086/152476},
   adsurl = {http://adsabs.harvard.edu/abs/1973ApJ...186...35T},
  adsnote = {Provided by the SAO/NASA Astrophysics Data System}
}

@ARTICLE{bell_dejong_01,
   author = {{Bell}, E.~F. and {de Jong}, R.~S.},
    title = "{Stellar Mass-to-Light Ratios and the Tully-Fisher Relation}",
  journal = {\apj},
   eprint = {astro-ph/0011493},
 keywords = {ISM: Dust, Extinction, Galaxies: Evolution, Galaxies: Kinematics and Dynamics, Galaxies: Spiral, Galaxies: Stellar Content},
     year = 2001,
    month = mar,
   volume = 550,
    pages = {212-229},
      doi = {10.1086/319728},
   adsurl = {http://adsabs.harvard.edu/abs/2001ApJ...550..212B},
  adsnote = {Provided by the SAO/NASA Astrophysics Data System}
}

@ARTICLE{dale_01_infrared_dust,
   author = {{Dale}, D.~A. and {Helou}, G. and {Contursi}, A. and {Silbermann}, N.~A. and 
	{Kolhatkar}, S.},
    title = "{The Infrared Spectral Energy Distribution of Normal Star-forming Galaxies}",
  journal = {\apj},
 keywords = {ISM: Dust, Extinction, Galaxies: General, Galaxies: ISM, Infrared: Galaxies, Infrared: ISM: Continuum},
     year = 2001,
    month = mar,
   volume = 549,
    pages = {215-227},
      doi = {10.1086/319077},
   adsurl = {http://adsabs.harvard.edu/abs/2001ApJ...549..215D},
  adsnote = {Provided by the SAO/NASA Astrophysics Data System}
}

@ARTICLE{shapley_05_seds,
   author = {{Shapley}, A.~E. and {Steidel}, C.~C. and {Erb}, D.~K. and {Reddy}, N.~A. and 
	{Adelberger}, K.~L. and {Pettini}, M. and {Barmby}, P. and {Huang}, J.
	},
    title = "{Ultraviolet to Mid-Infrared Observations of Star-forming Galaxies at z\~{}2: Stellar Masses and Stellar Populations}",
  journal = {\apj},
   eprint = {astro-ph/0503485},
 keywords = {Cosmology: Observations, Galaxies: Evolution, Galaxies: High-Redshift, Galaxies: Starburst, Stars: Formation},
     year = 2005,
    month = jun,
   volume = 626,
    pages = {698-722},
      doi = {10.1086/429990},
   adsurl = {http://adsabs.harvard.edu/abs/2005ApJ...626..698S},
  adsnote = {Provided by the SAO/NASA Astrophysics Data System}
}

@ARTICLE{chevallard_charlot_16_beagle,
   author = {{Chevallard}, J. and {Charlot}, S.},
    title = "{Modelling and interpreting spectral energy distributions of galaxies with BEAGLE}",
  journal = {\mnras},
archivePrefix = "arXiv",
   eprint = {1603.03037},
 keywords = {methods: data analysis, methods: statistical, dust, extinction, H II regions, galaxies: evolution, galaxies: stellar content},
     year = 2016,
    month = oct,
   volume = 462,
    pages = {1415-1443},
      doi = {10.1093/mnras/stw1756},
   adsurl = {http://adsabs.harvard.edu/abs/2016MNRAS.462.1415C},
  adsnote = {Provided by the SAO/NASA Astrophysics Data System}
}

@ARTICLE{mosby_tremonti_15_dkm,
   author = {{Mosby}, G. and {Tremonti}, C.~A. and {Hooper}, E.~J. and {Wolf}, M.~J. and 
	{Sheinis}, A.~I. and {Richards}, J.~W.},
    title = "{Simple stellar population modelling of low S/N galaxy spectra and quasar host galaxy applications}",
  journal = {\mnras},
archivePrefix = "arXiv",
   eprint = {1408.3335},
 keywords = {methods: analytical, methods: data analysis, galaxies: active, galaxies: general, quasars: general, galaxies: stellar content},
     year = 2015,
    month = feb,
   volume = 447,
    pages = {1638-1660},
      doi = {10.1093/mnras/stu2531},
   adsurl = {http://adsabs.harvard.edu/abs/2015MNRAS.447.1638M},
  adsnote = {Provided by the SAO/NASA Astrophysics Data System}
}

@ARTICLE{wild_kauffmann_07_pca,
   author = {{Wild}, V. and {Kauffmann}k, G. and {Heckman}, T. and {Charlot}, S. and 
	{Lemson}, G. and {Brinchmann}, J. and {Reichard}, T. and {Pasquali}, A.
	},
    title = "{Bursty stellar populations and obscured active galactic nuclei in galaxy bulges}",
  journal = {\mnras},
archivePrefix = "arXiv",
   eprint = {0706.3113},
 keywords = {methods: statistical, galaxies: active, galaxies: bulges, galaxies: stellar content},
     year = 2007,
    month = oct,
   volume = 381,
    pages = {543-572},
      doi = {10.1111/j.1365-2966.2007.12256.x},
   adsurl = {http://adsabs.harvard.edu/abs/2007MNRAS.381..543W},
  adsnote = {Provided by the SAO/NASA Astrophysics Data System}
}

@ARTICLE{sdss_summary,
   author = {{York}, D.~G. and {Adelman}, J. and {Anderson}, Jr., J.~E. and 
	{Anderson}, S.~F. and {Annis}, J. and {Bahcall}, N.~A. and {Bakken}, J.~A. and 
	{Barkhouser}, R. and {Bastian}, S. and {Berman}, E. and {Boroski}, W.~N. and 
	{Bracker}, S. and {Briegel}, C. and {Briggs}, J.~W. and {Brinkmann}, J. and 
	{Brunner}, R. and {Burles}, S. and {Carey}, L. and {Carr}, M.~A. and 
	{Castander}, F.~J. and {Chen}, B. and {Colestock}, P.~L. and 
	{Connolly}, A.~J. and {Crocker}, J.~H. and {Csabai}, I. and 
	{Czarapata}, P.~C. and {Davis}, J.~E. and {Doi}, M. and {Dombeck}, T. and 
	{Eisenstein}, D. and {Ellman}, N. and {Elms}, B.~R. and {Evans}, M.~L. and 
	{Fan}, X. and {Federwitz}, G.~R. and {Fiscelli}, L. and {Friedman}, S. and 
	{Frieman}, J.~A. and {Fukugita}, M. and {Gillespie}, B. and 
	{Gunn}, J.~E. and {Gurbani}, V.~K. and {de Haas}, E. and {Haldeman}, M. and 
	{Harris}, F.~H. and {Hayes}, J. and {Heckman}, T.~M. and {Hennessy}, G.~S. and 
	{Hindsley}, R.~B. and {Holm}, S. and {Holmgren}, D.~J. and {Huang}, C.-h. and 
	{Hull}, C. and {Husby}, D. and {Ichikawa}, S.-I. and {Ichikawa}, T. and 
	{Ivezi{\'c}}, {\v Z}. and {Kent}, S. and {Kim}, R.~S.~J. and 
	{Kinney}, E. and {Klaene}, M. and {Kleinman}, A.~N. and {Kleinman}, S. and 
	{Knapp}, G.~R. and {Korienek}, J. and {Kron}, R.~G. and {Kunszt}, P.~Z. and 
	{Lamb}, D.~Q. and {Lee}, B. and {Leger}, R.~F. and {Limmongkol}, S. and 
	{Lindenmeyer}, C. and {Long}, D.~C. and {Loomis}, C. and {Loveday}, J. and 
	{Lucinio}, R. and {Lupton}, R.~H. and {MacKinnon}, B. and {Mannery}, E.~J. and 
	{Mantsch}, P.~M. and {Margon}, B. and {McGehee}, P. and {McKay}, T.~A. and 
	{Meiksin}, A. and {Merelli}, A. and {Monet}, D.~G. and {Munn}, J.~A. and 
	{Narayanan}, V.~K. and {Nash}, T. and {Neilsen}, E. and {Neswold}, R. and 
	{Newberg}, H.~J. and {Nichol}, R.~C. and {Nicinski}, T. and 
	{Nonino}, M. and {Okada}, N. and {Okamura}, S. and {Ostriker}, J.~P. and 
	{Owen}, R. and {Pauls}, A.~G. and {Peoples}, J. and {Peterson}, R.~L. and 
	{Petravick}, D. and {Pier}, J.~R. and {Pope}, A. and {Pordes}, R. and 
	{Prosapio}, A. and {Rechenmacher}, R. and {Quinn}, T.~R. and 
	{Richards}, G.~T. and {Richmond}, M.~W. and {Rivetta}, C.~H. and 
	{Rockosi}, C.~M. and {Ruthmansdorfer}, K. and {Sandford}, D. and 
	{Schlegel}, D.~J. and {Schneider}, D.~P. and {Sekiguchi}, M. and 
	{Sergey}, G. and {Shimasaku}, K. and {Siegmund}, W.~A. and {Smee}, S. and 
	{Smith}, J.~A. and {Snedden}, S. and {Stone}, R. and {Stoughton}, C. and 
	{Strauss}, M.~A. and {Stubbs}, C. and {SubbaRao}, M. and {Szalay}, A.~S. and 
	{Szapudi}, I. and {Szokoly}, G.~P. and {Thakar}, A.~R. and {Tremonti}, C. and 
	{Tucker}, D.~L. and {Uomoto}, A. and {Vanden Berk}, D. and {Vogeley}, M.~S. and 
	{Waddell}, P. and {Wang}, S.-i. and {Watanabe}, M. and {Weinberg}, D.~H. and 
	{Yanny}, B. and {Yasuda}, N. and {SDSS Collaboration}},
    title = "{The Sloan Digital Sky Survey: Technical Summary}",
  journal = {\aj},
   eprint = {astro-ph/0006396},
 keywords = {Cosmology: Observations, Instrumentation: Miscellaneous},
     year = 2000,
    month = sep,
   volume = 120,
    pages = {1579-1587},
      doi = {10.1086/301513},
   adsurl = {http://adsabs.harvard.edu/abs/2000AJ....120.1579Y},
  adsnote = {Provided by the SAO/NASA Astrophysics Data System}
}

@ARTICLE{blanton_11_nsa,
   author = {{Blanton}, M.~R. and {Kazin}, E. and {Muna}, D. and {Weaver}, B.~A. and 
	{Price-Whelan}, A.},
    title = "{Improved Background Subtraction for the Sloan Digital Sky Survey Images}",
  journal = {\aj},
archivePrefix = "arXiv",
   eprint = {1105.1960},
 primaryClass = "astro-ph.IM",
 keywords = {atmospheric effects, galaxies: photometry, methods: data analysis, techniques: image processing},
     year = 2011,
    month = jul,
   volume = 142,
      eid = {31},
    pages = {31},
      doi = {10.1088/0004-6256/142/1/31},
   adsurl = {http://adsabs.harvard.edu/abs/2011AJ....142...31B},
  adsnote = {Provided by the SAO/NASA Astrophysics Data System}
}

@ARTICLE{barbuy_92,
   author = {{Barbuy}, B. and {Erdelyi-Mendes}, M. and {Milone}, A.},
    title = "{Synthetic Mg1, Mg2, and Mgb indices - Relative intensities of molecular bands as a function of stellar parameters}",
  journal = {\aaps},
 keywords = {Elliptical Galaxies, Luminosity, Magnesium, Metallicity, Molecular Spectra, Stellar Spectra, Cyanogen, Dwarf Stars, Giant Stars, Titanium Oxides},
     year = 1992,
    month = may,
   volume = 93,
    pages = {235-246},
   adsurl = {http://adsabs.harvard.edu/abs/1992A%26AS...93..235B},
  adsnote = {Provided by the SAO/NASA Astrophysics Data System}
}

@ARTICLE{stasinska_07_review,
   author = {{Stasi{\'n}ska}, G.},
    title = "{What can emission lines tell us?}",
  journal = {ArXiv e-prints},
archivePrefix = "arXiv",
   eprint = {0704.0348},
 keywords = {Astrophysics},
     year = 2007,
    month = apr,
   adsurl = {http://adsabs.harvard.edu/abs/2007arXiv0704.0348S},
  adsnote = {Provided by the SAO/NASA Astrophysics Data System}
}

@ARTICLE{maraston_03b,
   author = {{Maraston}, C. and {Greggio}, L. and {Renzini}, A. and {Ortolani}, S. and 
	{Saglia}, R.~P. and {Puzia}, T.~H. and {Kissler-Patig}, M.},
    title = "{Integrated spectroscopy of bulge globular clusters and fields. II. Implications for population synthesis models and elliptical galaxies}",
  journal = {\aap},
   eprint = {astro-ph/0209220},
 keywords = {Galaxy: globular clusters: general, galaxies: ellipticals and lenticular, cD, galaxies: abundances, galaxies: evolution, galaxies: formation},
     year = 2003,
    month = mar,
   volume = 400,
    pages = {823-840},
      doi = {10.1051/0004-6361:20021723},
   adsurl = {http://adsabs.harvard.edu/abs/2003A%26A...400..823M},
  adsnote = {Provided by the SAO/NASA Astrophysics Data System}
}

@INPROCEEDINGS{matteucci_16_chemev,
   author = {{Matteucci}, F.},
    title = "{Introduction to Galactic Chemical Evolution}",
booktitle = {Journal of Physics Conference Series},
     year = 2016,
   series = {Journal of Physics Conference Series},
   volume = 703,
archivePrefix = "arXiv",
   eprint = {1602.01004},
    month = apr,
      eid = {012004},
    pages = {012004},
      doi = {10.1088/1742-6596/703/1/012004},
   adsurl = {http://adsabs.harvard.edu/abs/2016JPhCS.703a2004M},
  adsnote = {Provided by the SAO/NASA Astrophysics Data System}
}

@ARTICLE{cabanac_02,
   author = {{Cabanac}, R.~A. and {de Lapparent}, V. and {Hickson}, P.},
    title = "{Classification and redshift estimation by principal component analysis}",
  journal = {\aap},
   eprint = {astro-ph/0206062},
 keywords = {galaxies: fundamental parameters, methods: data analysis, Surveys, galaxies: general},
     year = 2002,
    month = jul,
   volume = 389,
    pages = {1090-1116},
      doi = {10.1051/0004-6361:20020665},
   adsurl = {http://adsabs.harvard.edu/abs/2002A%26A...389.1090C},
  adsnote = {Provided by the SAO/NASA Astrophysics Data System}
}

@ARTICLE{suzuki_06,
   author = {{Suzuki}, N.},
    title = "{Quasar Spectrum Classification with Principal Component Analysis (PCA): Emission Lines in the Ly{$\alpha$} Forest}",
  journal = {\apjs},
 keywords = {Galaxies: Intergalactic Medium, Methods: Data Analysis, Methods: Statistical, Galaxies: Quasars: Absorption Lines, Galaxies: Quasars: Emission Lines, Techniques: Spectroscopic},
     year = 2006,
    month = mar,
   volume = 163,
    pages = {110-121},
      doi = {10.1086/499272},
   adsurl = {http://adsabs.harvard.edu/abs/2006ApJS..163..110S},
  adsnote = {Provided by the SAO/NASA Astrophysics Data System}
}

@ARTICLE{yip_connolly_04,
   author = {{Yip}, C.~W. and {Connolly}, A.~J. and {Vanden Berk}, D.~E. and 
	{Ma}, Z. and {Frieman}, J.~A. and {SubbaRao}, M. and {Szalay}, A.~S. and 
	{Richards}, G.~T. and {Hall}, P.~B. and {Schneider}, D.~P. and 
	{Hopkins}, A.~M. and {Trump}, J. and {Brinkmann}, J.},
    title = "{Spectral Classification of Quasars in the Sloan Digital Sky Survey: Eigenspectra, Redshift, and Luminosity Effects}",
  journal = {\aj},
   eprint = {astro-ph/0408578},
 keywords = {Methods: Statistical, Galaxies: Quasars: General, Surveys, Techniques: Spectroscopic},
     year = 2004,
    month = dec,
   volume = 128,
    pages = {2603-2630},
      doi = {10.1086/425626},
   adsurl = {http://adsabs.harvard.edu/abs/2004AJ....128.2603Y},
  adsnote = {Provided by the SAO/NASA Astrophysics Data System}
}

@ARTICLE{carnall_17,
   author = {{Carnall}, A.~C.},
    title = "{SpectRes: A Fast Spectral Resampling Tool in Python}",
  journal = {ArXiv e-prints},
archivePrefix = "arXiv",
   eprint = {1705.05165},
 primaryClass = "astro-ph.IM",
 keywords = {Astrophysics - Instrumentation and Methods for Astrophysics, Astrophysics - Astrophysics of Galaxies},
     year = 2017,
    month = may,
   adsurl = {http://adsabs.harvard.edu/abs/2017arXiv170505165C},
  adsnote = {Provided by the SAO/NASA Astrophysics Data System}
}

@ARTICLE{sorba_sawicki_15,
   author = {{Sorba}, R. and {Sawicki}, M.},
    title = "{Missing stellar mass in SED fitting: spatially unresolved photometry can underestimate galaxy masses}",
  journal = {\mnras},
archivePrefix = "arXiv",
   eprint = {1506.01653},
 keywords = {galaxies: statistics, galaxies: stellar content},
     year = 2015,
    month = sep,
   volume = 452,
    pages = {235-245},
      doi = {10.1093/mnras/stv1235},
   adsurl = {http://adsabs.harvard.edu/abs/2015MNRAS.452..235S},
  adsnote = {Provided by the SAO/NASA Astrophysics Data System}
}

@ARTICLE{roediger_courteau_15,
   author = {{Roediger}, J.~C. and {Courteau}, S.},
    title = "{On the uncertainties of stellar mass estimates via colour measurements}",
  journal = {\mnras},
archivePrefix = "arXiv",
   eprint = {1507.03016},
 keywords = {galaxies: clusters: individual: Virgo, galaxies: formation, galaxies: fundamental parameters, galaxies: general, galaxies: stellar content},
     year = 2015,
    month = sep,
   volume = 452,
    pages = {3209-3225},
      doi = {10.1093/mnras/stv1499},
   adsurl = {http://adsabs.harvard.edu/abs/2015MNRAS.452.3209R},
  adsnote = {Provided by the SAO/NASA Astrophysics Data System}
}

@ARTICLE{aniyan_freeman_16,
   author = {{Aniyan}, S. and {Freeman}, K.~C. and {Gerhard}, O.~E. and {Arnaboldi}, M. and 
	{Flynn}, C.},
    title = "{The influence of a kinematically cold young component on disc-halo decompositions in spiral galaxies: insights from solar neighbourhood K-giants}",
  journal = {\mnras},
archivePrefix = "arXiv",
   eprint = {1511.06047},
 keywords = {Galaxy: disc, Galaxy: kinematics and dynamics, solar neighbourhood, galaxies: haloes},
     year = 2016,
    month = feb,
   volume = 456,
    pages = {1484-1494},
      doi = {10.1093/mnras/stv2730},
   adsurl = {http://adsabs.harvard.edu/abs/2016MNRAS.456.1484A},
  adsnote = {Provided by the SAO/NASA Astrophysics Data System}
}

@ARTICLE{aniyan_freeman_18,
   author = {{Aniyan}, S. and {Freeman}, K.~C. and {Arnaboldi}, M. and {Gerhard}, O.~E. and 
	{Coccato}, L. and {Fabricius}, M. and {Kuijken}, K. and {Merrifield}, M. and 
	{Ponomareva}, A.~A.},
    title = "{Resolving the Disc-Halo Degeneracy I: A Look at NGC 628}",
  journal = {ArXiv e-prints},
archivePrefix = "arXiv",
   eprint = {1802.00465},
 keywords = {Astrophysics - Astrophysics of Galaxies},
     year = 2018,
    month = feb,
   adsurl = {http://adsabs.harvard.edu/abs/2018arXiv180200465A},
  adsnote = {Provided by the SAO/NASA Astrophysics Data System}
}

@ARTICLE{bovy_rix_13,
   author = {{Bovy}, J. and {Rix}, H.-W.},
    title = "{A Direct Dynamical Measurement of the Milky Way's Disk Surface Density Profile, Disk Scale Length, and Dark Matter Profile at 4 kpc $\lt$\~{} R $\lt$\~{} 9 kpc}",
  journal = {\apj},
archivePrefix = "arXiv",
   eprint = {1309.0809},
 primaryClass = "astro-ph.GA",
 keywords = {Galaxy: abundances, Galaxy: disk, Galaxy: fundamental parameters, Galaxy: kinematics and dynamics, Galaxy: structure, solar neighborhood},
     year = 2013,
    month = dec,
   volume = 779,
      eid = {115},
    pages = {115},
      doi = {10.1088/0004-637X/779/2/115},
   adsurl = {http://adsabs.harvard.edu/abs/2013ApJ...779..115B},
  adsnote = {Provided by the SAO/NASA Astrophysics Data System}
}

@ARTICLE{bernardi_sheth_17,
   author = {{Bernardi}, M. and {Sheth}, R.~K. and {Dominguez-Sanchez}, H. and 
	{Fischer}, J.-L. and {Chae}, K.-H. and {Huertas-Company}, M. and 
	{Shankar}, F.},
    title = "{$M\_*/L$ gradients driven by IMF variation: Large impact on dynamical stellar mass estimates}",
  journal = {ArXiv e-prints},
archivePrefix = "arXiv",
   eprint = {1712.05414},
 keywords = {Astrophysics - Astrophysics of Galaxies, Astrophysics - Cosmology and Nongalactic Astrophysics},
     year = 2017,
    month = dec,
   adsurl = {http://adsabs.harvard.edu/abs/2017arXiv171205414B},
  adsnote = {Provided by the SAO/NASA Astrophysics Data System}
}

@ARTICLE{da-cunha_charlot_elbaz_08,
   author = {{da Cunha}, E. and {Charlot}, S. and {Elbaz}, D.},
    title = "{A simple model to interpret the ultraviolet, optical and infrared emission from galaxies}",
  journal = {\mnras},
archivePrefix = "arXiv",
   eprint = {0806.1020},
 keywords = {dust, extinction , galaxies: ISM , galaxies: stellar content , infrared: galaxies},
     year = 2008,
    month = aug,
   volume = 388,
    pages = {1595-1617},
      doi = {10.1111/j.1365-2966.2008.13535.x},
   adsurl = {http://adsabs.harvard.edu/abs/2008MNRAS.388.1595D},
  adsnote = {Provided by the SAO/NASA Astrophysics Data System}
}

@MISC{da-cunha_charlot_11_magphys,
   author = {{da Cunha}, E. and {Charlot}, S.},
    title = "{MAGPHYS: Multi-wavelength Analysis of Galaxy Physical Properties}",
 keywords = {Software},
howpublished = {Astrophysics Source Code Library},
     year = 2011,
    month = jun,
   archivePrefix = "ascl",
   eprint = {1106.010},
   adsurl = {http://adsabs.harvard.edu/abs/2011ascl.soft06010D}
}
   
@ARTICLE{burgarella_05,
   author = {{Burgarella}, D. and {Buat}, V. and {Iglesias-P{\'a}ramo}, J.
	},
    title = "{Star formation and dust attenuation properties in galaxies from a statistical ultraviolet-to-far-infrared analysis}",
  journal = {\mnras},
   eprint = {astro-ph/0504434},
 keywords = {galaxies: starburst, infrared: galaxies, ultraviolet: galaxies},
     year = 2005,
    month = jul,
   volume = 360,
    pages = {1413-1425},
      doi = {10.1111/j.1365-2966.2005.09131.x},
   adsurl = {http://adsabs.harvard.edu/abs/2005MNRAS.360.1413B},
  adsnote = {Provided by the SAO/NASA Astrophysics Data System}
}

@ARTICLE{giovannoli_11,
   author = {{Giovannoli}, E. and {Buat}, V. and {Noll}, S. and {Burgarella}, D. and 
	{Magnelli}, B.},
    title = "{Population synthesis modelling of luminous infrared galaxies at intermediate redshift}",
  journal = {\aap},
archivePrefix = "arXiv",
   eprint = {1006.5555},
 keywords = {galaxies: evolution, galaxies: formation, galaxies: fundamental parameters, galaxies: stellar content},
     year = 2011,
    month = jan,
   volume = 525,
      eid = {A150},
    pages = {A150},
      doi = {10.1051/0004-6361/201014898},
   adsurl = {http://adsabs.harvard.edu/abs/2011A%26A...525A.150G},
  adsnote = {Provided by the SAO/NASA Astrophysics Data System}
}

@ARTICLE{serra_11,
   author = {{Serra}, P. and {Amblard}, A. and {Temi}, P. and {Burgarella}, D. and 
	{Giovannoli}, E. and {Buat}, V. and {Noll}, S. and {Im}, S.},
    title = "{CIGALEMC: Galaxy Parameter Estimation Using a Markov Chain Monte Carlo Approach with CIGALE}",
  journal = {\apj},
archivePrefix = "arXiv",
   eprint = {1103.3269},
 keywords = {galaxies: fundamental parameters, methods: data analysis},
     year = 2011,
    month = oct,
   volume = 740,
      eid = {22},
    pages = {22},
      doi = {10.1088/0004-637X/740/1/22},
   adsurl = {http://adsabs.harvard.edu/abs/2011ApJ...740...22S},
  adsnote = {Provided by the SAO/NASA Astrophysics Data System}
}

@article{leja_johnson_conroy_van-dokkum_17_prospector,
   author = {{Leja}, J. and {Johnson}, B.~D. and {Conroy}, C. and {van Dokkum}, P.~G. and {Byler}, N.},
   title = "{Deriving Physical Properties from Broadband Photometry with Prospector: Description of the Model and a Demonstration of its Accuracy Using 129 Galaxies in the Local Universe}",
   journal = {\apj},
   year = 2017,
   volume = 837,
   pages = {170},
   eprint = {1609.09073},
   doi = {10.3847/1538-4357/aa5ffe},
  adsurl = {http://adsabs.harvard.edu/abs/2017ApJ...837..170L},
}

@ARTICLE{kuntschner_04_lick_losvd_corr,
   author = {{Kuntschner}, H.},
    title = "{Line-of-sight velocity distribution corrections for Lick/IDS indices of early-type galaxies}",
  journal = {\aap},
   eprint = {astro-ph/0407219},
 keywords = {line: profiles, methods: data analysis, galaxies: abundances, galaxies: elliptical and lenticular, cD, galaxies: kinematics and dynamics},
     year = 2004,
    month = nov,
   volume = 426,
    pages = {737-745},
      doi = {10.1051/0004-6361:20041414},
   adsurl = {http://adsabs.harvard.edu/abs/2004A%26A...426..737K},
  adsnote = {Provided by the SAO/NASA Astrophysics Data System}
}

@ARTICLE{schiavon_barbuy_bruzual_00,
   author = {{Schiavon}, R.~P. and {Barbuy}, B. and {Bruzual A.}, G.},
    title = "{Near-Infrared Spectral Features in Single-aged Stellar Populations}",
  journal = {\apj},
   eprint = {astro-ph/9910274},
 keywords = {GALAXY: GLOBULAR CLUSTERS: GENERAL, INFRARED: STARS, STARS: FUNDAMENTAL PARAMETERS, STARS: LATE-TYPE},
     year = 2000,
    month = mar,
   volume = 532,
    pages = {453-460},
      doi = {10.1086/308533},
   adsurl = {http://adsabs.harvard.edu/abs/2000ApJ...532..453S},
  adsnote = {Provided by the SAO/NASA Astrophysics Data System}
}

@ARTICLE{santucci_2015_BSS,
   author = {{Santucci}, R.~M. and {Placco}, V.~M. and {Rossi}, S. and {Beers}, T.~C. and 
	{Reggiani}, H.~M. and {Lee}, Y.~S. and {Xue}, X.-X. and {Carollo}, D.
	},
    title = "{The Frequency of Field Blue-Straggler Stars in the Thick Disk and Halo System of the Galaxy}",
  journal = {\apj},
archivePrefix = "arXiv",
   eprint = {1501.03559},
 primaryClass = "astro-ph.SR",
 keywords = {binaries: close, blue stragglers, Galaxy: halo, line: profiles, stars: horizontal-branch, techniques: radial velocities},
     year = 2015,
    month = mar,
   volume = 801,
      eid = {116},
    pages = {116},
      doi = {10.1088/0004-637X/801/2/116},
   adsurl = {http://adsabs.harvard.edu/abs/2015ApJ...801..116S},
  adsnote = {Provided by the SAO/NASA Astrophysics Data System}
}

@ARTICLE{maraston_stromback_09,
   author = {{Maraston}, C. and {Str{\"o}mb{\"a}ck}, G. and {Thomas}, D. and 
	{Wake}, D.~A. and {Nichol}, R.~C.},
    title = "{Modelling the colour evolution of luminous red galaxies - improvements with empirical stellar spectra}",
  journal = {\mnras},
archivePrefix = "arXiv",
   eprint = {0809.1867},
 keywords = {galaxies: evolution, galaxies: high-redshift, galaxies: stellar content, cosmology: observations},
     year = 2009,
    month = mar,
   volume = 394,
    pages = {L107-L111},
      doi = {10.1111/j.1745-3933.2009.00621.x},
   adsurl = {http://adsabs.harvard.edu/abs/2009MNRAS.394L.107M},
  adsnote = {Provided by the SAO/NASA Astrophysics Data System}
}

@article{jackson_pca_dim,
 ISSN = {00129658, 19399170},
 URL = {http://www.jstor.org/stable/1939574},
 author = {Donald A. Jackson},
 journal = {Ecology},
 number = {8},
 pages = {2204--2214},
 publisher = {Ecological Society of America},
 title = {Stopping Rules in Principal Components Analysis: A Comparison of Heuristical and Statistical Approaches},
 volume = {74},
 year = {1993}
}

@ARTICLE{holmberg_58,
   author = {{Holmberg}, E.},
    title = "{A photographic photometry of extragalactic nebulae.}",
  journal = {Meddelanden fran Lunds Astronomiska Observatorium Serie II},
     year = 1958,
   volume = 136,
    pages = {1},
   adsurl = {http://adsabs.harvard.edu/abs/1958MeLuS.136....1H},
  adsnote = {Provided by the SAO/NASA Astrophysics Data System}
}

@ARTICLE{doi_2010_sdssresponse,
   author = {{Doi}, M. and {Tanaka}, M. and {Fukugita}, M. and {Gunn}, J.~E. and 
	{Yasuda}, N. and {Ivezi{\'c}}, {\v Z}. and {Brinkmann}, J. and 
	{de Haars}, E. and {Kleinman}, S.~J. and {Krzesinski}, J. and 
	{French Leger}, R.},
    title = "{Photometric Response Functions of the Sloan Digital Sky Survey Imager}",
  journal = {\aj},
archivePrefix = "arXiv",
   eprint = {1002.3701},
 primaryClass = "astro-ph.IM",
 keywords = {galaxies: photometry, surveys, techniques: photometric},
     year = 2010,
    month = apr,
   volume = 139,
    pages = {1628-1648},
      doi = {10.1088/0004-6256/139/4/1628},
   adsurl = {http://adsabs.harvard.edu/abs/2010AJ....139.1628D},
  adsnote = {Provided by the SAO/NASA Astrophysics Data System}
}

@ARTICLE{brinchmann_04_mpajhu,
   author = {{Brinchmann}, J. and {Charlot}, S. and {White}, S.~D.~M. and 
	{Tremonti}, C. and {Kauffmann}, G. and {Heckman}, T. and {Brinkmann}, J.
	},
    title = "{The physical properties of star-forming galaxies in the low-redshift Universe}",
  journal = {\mnras},
   eprint = {astro-ph/0311060},
 keywords = {surveys, galaxies: abundances, galaxies: evolution, galaxies: fundamental parameters, galaxies: general},
     year = 2004,
    month = jul,
   volume = 351,
    pages = {1151-1179},
      doi = {10.1111/j.1365-2966.2004.07881.x},
   adsurl = {http://adsabs.harvard.edu/abs/2004MNRAS.351.1151B},
  adsnote = {Provided by the SAO/NASA Astrophysics Data System}
}

@ARTICLE{somerville_behroozi_2018,
   author = {{Somerville}, R.~S. and {Behroozi}, P. and {Pandya}, V. and 
	{Dekel}, A. and {Faber}, S.~M. and {Fontana}, A. and {Koekemoer}, A.~M. and 
	{Koo}, D.~C. and {P{\'e}rez-Gonz{\'a}lez}, P.~G. and {Primack}, J.~R. and 
	{Santini}, P. and {Taylor}, E.~N. and {van der Wel}, A.},
    title = "{The relationship between galaxy and dark matter halo size from z {\tilde} 3 to the present}",
  journal = {\mnras},
archivePrefix = "arXiv",
   eprint = {1701.03526},
 keywords = {galaxies: evolution, galaxies: formation, galaxies: high-redshift, galaxies: structure},
     year = 2018,
    month = jan,
   volume = 473,
    pages = {2714-2736},
      doi = {10.1093/mnras/stx2040},
   adsurl = {http://adsabs.harvard.edu/abs/2018MNRAS.473.2714S},
  adsnote = {Provided by the SAO/NASA Astrophysics Data System}
}

@ARTICLE{sdss_dr15,
   author = {{Aguado}, D.~S. and {Ahumada}, R. and {Almeida}, A. and {Anderson}, S.~F. and 
	{Andrews}, B.~H. and {Anguiano}, B. and {Aquino Ort{\'{\i}}z}, E. and 
	{Arag{\'o}n-Salamanca}, A. and {Argudo-Fern{\'a}ndez}, M. and 
	{Aubert}, M. and et al.},
    title = "{The Fifteenth Data Release of the Sloan Digital Sky Surveys: First Release of MaNGA-derived Quantities, Data Visualization Tools, and Stellar Library}",
  journal = {\apjs},
archivePrefix = "arXiv",
   eprint = {1812.02759},
 primaryClass = "astro-ph.IM",
 keywords = {atlases, catalogs, surveys },
     year = 2019,
    month = feb,
   volume = 240,
      eid = {23},
    pages = {23},
      doi = {10.3847/1538-4365/aaf651},
   adsurl = {http://adsabs.harvard.edu/abs/2019ApJS..240...23A},
  adsnote = {Provided by the SAO/NASA Astrophysics Data System}
}


@ARTICLE{odonnell_94_mw_extinction,
   author = {{O'Donnell}, J.~E.},
    title = "{R$_{nu}$-dependent optical and near-ultraviolet extinction}",
  journal = {\apj},
 keywords = {Interstellar Extinction, Light (Visible Radiation), Near Infrared Radiation, Ultraviolet Radiation, Astronomical Photometry, Iue},
     year = 1994,
    month = feb,
   volume = 422,
    pages = {158-163},
      doi = {10.1086/173713},
   adsurl = {http://adsabs.harvard.edu/abs/1994ApJ...422..158O},
  adsnote = {Provided by the SAO/NASA Astrophysics Data System}
}

@ARTICLE{salpeter_imf_55,
   author = {{Salpeter}, E.~E.},
    title = "{The Luminosity Function and Stellar Evolution.}",
  journal = {\apj},
     year = 1955,
    month = jan,
   volume = 121,
    pages = {161},
      doi = {10.1086/145971},
   adsurl = {http://adsabs.harvard.edu/abs/1955ApJ...121..161S},
  adsnote = {Provided by the SAO/NASA Astrophysics Data System}
}

@ARTICLE{vanDokkum_imf_08,
   author = {{van Dokkum}, P.~G.},
    title = "{Evidence of Cosmic Evolution of the Stellar Initial Mass Function}",
  journal = {\apj},
archivePrefix = "arXiv",
   eprint = {0710.0875},
 keywords = {cosmology: observations, galaxies: evolution, galaxies: formation},
     year = 2008,
    month = feb,
   volume = 674,
    pages = {29-50},
      doi = {10.1086/525014},
   adsurl = {http://adsabs.harvard.edu/abs/2008ApJ...674...29V},
  adsnote = {Provided by the SAO/NASA Astrophysics Data System}
}

@ARTICLE{dave_imf_08,
   author = {{Dav{\'e}}, R.},
    title = "{The galaxy stellar mass-star formation rate relation: evidence for an evolving stellar initial mass function?}",
  journal = {\mnras},
archivePrefix = "arXiv",
   eprint = {0710.0381},
 keywords = {stars: luminosity function, mass function , galaxies: evolution , galaxies: formation , galaxies: high-redshift , cosmology: theory},
     year = 2008,
    month = mar,
   volume = 385,
    pages = {147-160},
      doi = {10.1111/j.1365-2966.2008.12866.x},
   adsurl = {http://adsabs.harvard.edu/abs/2008MNRAS.385..147D},
  adsnote = {Provided by the SAO/NASA Astrophysics Data System}
}

@ARTICLE{fioc_97_pegase,
   author = {{Fioc}, M. and {Rocca-Volmerange}, B.},
    title = "{PEGASE: a UV to NIR spectral evolution model of galaxies. Application to the calibration of bright galaxy counts.}",
  journal = {\aap},
   eprint = {astro-ph/9707017},
 keywords = {GALAXIES: EVOLUTION, INFRARED: GALAXIES, DUST, EXTINCTION, GALAXIES: STELLAR CONTENT, COSMOLOGY: MISCELLANEOUS, GALAXIES: FUNDAMENTAL PARAMETERS},
     year = 1997,
    month = oct,
   volume = 326,
    pages = {950-962},
   adsurl = {http://adsabs.harvard.edu/abs/1997A%26A...326..950F},
  adsnote = {Provided by the SAO/NASA Astrophysics Data System}
}

@ARTICLE{silchenko_06,
   author = {{Sil'chenko}, O.~K.},
    title = "{Stellar Populations in Nearby Lenticular Galaxies}",
  journal = {\apj},
   eprint = {astro-ph/0512305},
 keywords = {Galaxies: Elliptical and Lenticular, cD, Galaxies: Evolution, Galaxies: Nuclei},
     year = 2006,
    month = apr,
   volume = 641,
    pages = {229-240},
      doi = {10.1086/500347},
   adsurl = {http://adsabs.harvard.edu/abs/2006ApJ...641..229S},
  adsnote = {Provided by the SAO/NASA Astrophysics Data System}
}

@ARTICLE{gallazzi_05_age_metallicity,
   author = {{Gallazzi}, A. and {Charlot}, S. and {Brinchmann}, J. and {White}, S.~D.~M. and 
	{Tremonti}, C.~A.},
    title = "{The ages and metallicities of galaxies in the local universe}",
  journal = {\mnras},
   eprint = {astro-ph/0506539},
 keywords = {galaxies: evolution, galaxies: formation, galaxies: stellar content},
     year = 2005,
    month = sep,
   volume = 362,
    pages = {41-58},
      doi = {10.1111/j.1365-2966.2005.09321.x},
   adsurl = {http://adsabs.harvard.edu/abs/2005MNRAS.362...41G},
  adsnote = {Provided by the SAO/NASA Astrophysics Data System}
}

@ARTICLE{balogh_04_cmd,
   author = {{Balogh}, M.~L. and {Baldry}, I.~K. and {Nichol}, R. and {Miller}, C. and 
	{Bower}, R. and {Glazebrook}, K.},
    title = "{The Bimodal Galaxy Color Distribution: Dependence on Luminosity and Environment}",
  journal = {\apjl},
   eprint = {astro-ph/0406266},
 keywords = {Galaxies: Clusters: General, Galaxies: Evolution},
     year = 2004,
    month = nov,
   volume = 615,
    pages = {L101-L104},
      doi = {10.1086/426079},
   adsurl = {http://adsabs.harvard.edu/abs/2004ApJ...615L.101B},
  adsnote = {Provided by the SAO/NASA Astrophysics Data System}
}

@ARTICLE{baldry_06_massquenching,
   author = {{Baldry}, I.~K. and {Balogh}, M.~L. and {Bower}, R.~G. and {Glazebrook}, K. and 
	{Nichol}, R.~C. and {Bamford}, S.~P. and {Budavari}, T.},
    title = "{Galaxy bimodality versus stellar mass and environment}",
  journal = {\mnras},
   eprint = {astro-ph/0607648},
 keywords = {galaxies: evolution, galaxies: fundamental parameters, galaxies: luminosity function, mass function},
     year = 2006,
    month = dec,
   volume = 373,
    pages = {469-483},
      doi = {10.1111/j.1365-2966.2006.11081.x},
   adsurl = {http://adsabs.harvard.edu/abs/2006MNRAS.373..469B},
  adsnote = {Provided by the SAO/NASA Astrophysics Data System}
}

@ARTICLE{yang_03_smhmr,
   author = {{Yang}, X. and {Mo}, H.~J. and {van den Bosch}, F.~C.},
    title = "{Constraining galaxy formation and cosmology with the conditional luminosity function of galaxies}",
  journal = {\mnras},
   eprint = {astro-ph/0207019},
 keywords = {galaxies: clusters: general, galaxies: formation, cosmology: theory, dark matter, large-scale structure of Universe},
     year = 2003,
    month = mar,
   volume = 339,
    pages = {1057-1080},
      doi = {10.1046/j.1365-8711.2003.06254.x},
   adsurl = {http://adsabs.harvard.edu/abs/2003MNRAS.339.1057Y},
  adsnote = {Provided by the SAO/NASA Astrophysics Data System}
}

@ARTICLE{bruzual_83,
   author = {{Bruzual A.}, G.},
    title = "{Spectral evolution of galaxies. I - Early-type systems}",
  journal = {\apj},
 keywords = {Astronomical Photometry, Galactic Evolution, Iue, Stellar Evolution, Ultraviolet Spectra, Astronomical Models, Late Stars, Light Curve, Luminosity, Spectral Energy Distribution, Star Formation Rate},
     year = 1983,
    month = oct,
   volume = 273,
    pages = {105-127},
      doi = {10.1086/161352},
   adsurl = {http://adsabs.harvard.edu/abs/1983ApJ...273..105B},
  adsnote = {Provided by the SAO/NASA Astrophysics Data System}
}

@ARTICLE{salim_rich_charlot_07,
   author = {{Salim}, S. and {Rich}, R.~M. and {Charlot}, S. and {Brinchmann}, J. and 
	{Johnson}, B.~D. and {Schiminovich}, D. and {Seibert}, M. and 
	{Mallery}, R. and {Heckman}, T.~M. and {Forster}, K. and {Friedman}, P.~G. and 
	{Martin}, D.~C. and {Morrissey}, P. and {Neff}, S.~G. and {Small}, T. and 
	{Wyder}, T.~K. and {Bianchi}, L. and {Donas}, J. and {Lee}, Y.-W. and 
	{Madore}, B.~F. and {Milliard}, B. and {Szalay}, A.~S. and {Welsh}, B.~Y. and 
	{Yi}, S.~K.},
    title = "{UV Star Formation Rates in the Local Universe}",
  journal = {\apjs},
archivePrefix = "arXiv",
   eprint = {0704.3611},
 keywords = {Galaxies: Active, Galaxies: Evolution, Galaxies: Fundamental Parameters, Surveys, Ultraviolet: Galaxies},
     year = 2007,
    month = dec,
   volume = 173,
    pages = {267-292},
      doi = {10.1086/519218},
   adsurl = {http://adsabs.harvard.edu/abs/2007ApJS..173..267S},
  adsnote = {Provided by the SAO/NASA Astrophysics Data System}
}

@ARTICLE{tortora_napolitano_11,
   author = {{Tortora}, C. and {Napolitano}, N.~R. and {Romanowsky}, A.~J. and 
	{Jetzer}, P. and {Cardone}, V.~F. and {Capaccioli}, M.},
    title = "{Stellar mass-to-light ratio gradients in galaxies: correlations with mass}",
  journal = {\mnras},
archivePrefix = "arXiv",
   eprint = {1107.2918},
 keywords = {galaxies: elliptical and lenticular, cD, galaxies: evolution, galaxies: general, dark matter},
     year = 2011,
    month = dec,
   volume = 418,
    pages = {1557-1564},
      doi = {10.1111/j.1365-2966.2011.19438.x},
   adsurl = {http://adsabs.harvard.edu/abs/2011MNRAS.418.1557T},
  adsnote = {Provided by the SAO/NASA Astrophysics Data System}
}

@ARTICLE{boardman_weijmans_vdB_17,
   author = {{Boardman}, N.~F. and {Weijmans}, A.-M. and {van den Bosch}, R. and 
	{Kuntschner}, H. and {Emsellem}, E. and {Cappellari}, M. and 
	{de Zeeuw}, T. and {Falc{\'o}n-Barroso}, J. and {Krajnovi{\'c}}, D. and 
	{McDermid}, R. and {Naab}, T. and {van de Ven}, G. and {Yildirim}, A.
	},
    title = "{Integral-field kinematics and stellar populations of early-type galaxies out to three half-light radii}",
  journal = {\mnras},
archivePrefix = "arXiv",
   eprint = {1707.05735},
 keywords = {ISM: kinematics and dynamics, galaxies: elliptical and lenticular, cD, galaxies: evolution, galaxies: ISM, galaxies: kinematics and dynamics, galaxies: structure},
     year = 2017,
    month = nov,
   volume = 471,
    pages = {4005-4026},
      doi = {10.1093/mnras/stx1835},
   adsurl = {http://adsabs.harvard.edu/abs/2017MNRAS.471.4005B},
  adsnote = {Provided by the SAO/NASA Astrophysics Data System}
}

@ARTICLE{tortora_napolitano_10_spgrad,
   author = {{Tortora}, C. and {Napolitano}, N.~R. and {Cardone}, V.~F. and 
	{Capaccioli}, M. and {Jetzer}, P. and {Molinaro}, R.},
    title = "{Colour and stellar population gradients in galaxies: correlation with mass}",
  journal = {\mnras},
archivePrefix = "arXiv",
   eprint = {1004.4896},
 keywords = {galaxies: elliptical and lenticular, cD, galaxies: evolution, galaxies: general, dark matter},
     year = 2010,
    month = sep,
   volume = 407,
    pages = {144-162},
      doi = {10.1111/j.1365-2966.2010.16938.x},
   adsurl = {http://adsabs.harvard.edu/abs/2010MNRAS.407..144T},
  adsnote = {Provided by the SAO/NASA Astrophysics Data System}
}

@incollection{GIRI197749,
    title = "CHAPTER IV - Multivariate Normal Distribution, Its Properties and Characterization",
    editor = "NARAYAN C. GIRI",
    booktitle = "Multivariate Statistical Inference",
    publisher = "Academic Press",
    pages = "49 - 71",
    year = "1977",
    series = "Probability and Mathematical Statistics: A Series of Monographs and Textbooks",
    issn = "00795607",
    doi = "https://doi.org/10.1016/B978-0-12-285650-1.50010-1",
    url = "http://www.sciencedirect.com/science/article/pii/B9780122856501500101",
    author = {{Giri}, Narayan C.}
}

@ARTICLE{taylor_gama_cmlrs,
   author = {{Taylor}, E.~N. and {Hopkins}, A.~M. and {Baldry}, I.~K. and 
	{Brown}, M.~J.~I. and {Driver}, S.~P. and {Kelvin}, L.~S. and 
	{Hill}, D.~T. and {Robotham}, A.~S.~G. and {Bland-Hawthorn}, J. and 
	{Jones}, D.~H. and {Sharp}, R.~G. and {Thomas}, D. and {Liske}, J. and 
	{Loveday}, J. and {Norberg}, P. and {Peacock}, J.~A. and {Bamford}, S.~P. and 
	{Brough}, S. and {Colless}, M. and {Cameron}, E. and {Conselice}, C.~J. and 
	{Croom}, S.~M. and {Frenk}, C.~S. and {Gunawardhana}, M. and 
	{Kuijken}, K. and {Nichol}, R.~C. and {Parkinson}, H.~R. and 
	{Phillipps}, S. and {Pimbblet}, K.~A. and {Popescu}, C.~C. and 
	{Prescott}, M. and {Sutherland}, W.~J. and {Tuffs}, R.~J. and 
	{van Kampen}, E. and {Wijesinghe}, D.},
    title = "{Galaxy And Mass Assembly (GAMA): stellar mass estimates}",
  journal = {\mnras},
archivePrefix = "arXiv",
   eprint = {1108.0635},
 primaryClass = "astro-ph.CO",
 keywords = {catalogues, galaxies: evolution, galaxies: formation, galaxies: fundamental parameters, galaxies: stellar content},
     year = 2011,
    month = dec,
   volume = 418,
    pages = {1587-1620},
      doi = {10.1111/j.1365-2966.2011.19536.x},
   adsurl = {http://adsabs.harvard.edu/abs/2011MNRAS.418.1587T},
  adsnote = {Provided by the SAO/NASA Astrophysics Data System}
}

@ARTICLE{fukugita_96_sdss_photo,
   author = {{Fukugita}, M. and {Ichikawa}, T. and {Gunn}, J.~E. and {Doi}, M. and 
	{Shimasaku}, K. and {Schneider}, D.~P.},
    title = "{The Sloan Digital Sky Survey Photometric System}",
  journal = {\aj},
 keywords = {SURVEYS, INSTRUMENTATION: PHOTOMETERS, TECHNIQUES: PHOTOMETRIC},
     year = 1996,
    month = apr,
   volume = 111,
    pages = {1748},
      doi = {10.1086/117915},
   adsurl = {http://adsabs.harvard.edu/abs/1996AJ....111.1748F},
  adsnote = {Provided by the SAO/NASA Astrophysics Data System}
}

@ARTICLE{kauffmann_03_agn,
   author = {{Kauffmann}, G. and {Heckman}, T.~M. and {Tremonti}, C. and 
	{Brinchmann}, J. and {Charlot}, S. and {White}, S.~D.~M. and 
	{Ridgway}, S.~E. and {Brinkmann}, J. and {Fukugita}, M. and 
	{Hall}, P.~B. and {Ivezi{\'c}}, {\v Z}. and {Richards}, G.~T. and 
	{Schneider}, D.~P.},
    title = "{The host galaxies of active galactic nuclei}",
  journal = {\mnras},
   eprint = {astro-ph/0304239},
 keywords = {galaxies: active, galaxies: Seyfert, galaxies: starburst, galaxies: stellar content, galaxies: structure},
     year = 2003,
    month = dec,
   volume = 346,
    pages = {1055-1077},
      doi = {10.1111/j.1365-2966.2003.07154.x},
   adsurl = {http://adsabs.harvard.edu/abs/2003MNRAS.346.1055K},
  adsnote = {Provided by the SAO/NASA Astrophysics Data System}
}

@ARTICLE{kewley_dopita_01,
   author = {{Kewley}, L.~J. and {Dopita}, M.~A. and {Sutherland}, R.~S. and 
	{Heisler}, C.~A. and {Trevena}, J.},
    title = "{Theoretical Modeling of Starburst Galaxies}",
  journal = {\apj},
   eprint = {astro-ph/0106324},
 keywords = {Galaxies: Starburst, Radiation Mechanisms: Thermal},
     year = 2001,
    month = jul,
   volume = 556,
    pages = {121-140},
      doi = {10.1086/321545},
   adsurl = {http://adsabs.harvard.edu/abs/2001ApJ...556..121K},
  adsnote = {Provided by the SAO/NASA Astrophysics Data System}
}

@INBOOK{calzetti_13_sfr_indicators,
   author = {{Calzetti}, D.},
    title = "{Star Formation Rate Indicators}",
booktitle = {Secular Evolution of Galaxies},
     year = 2013,
    month = oct,
   editor = {{Falc{\'o}n-Barroso}, J. and {Knapen}, J.~H.},
    pages = {419},
   adsurl = {http://adsabs.harvard.edu/abs/2013seg..book..419C},
  adsnote = {Provided by the SAO/NASA Astrophysics Data System}
}

@ARTICLE{choi_16_mist,
   author = {{Choi}, J. and {Dotter}, A. and {Conroy}, C. and {Cantiello}, M. and 
	{Paxton}, B. and {Johnson}, B.~D.},
    title = "{Mesa Isochrones and Stellar Tracks (MIST). I. Solar-scaled Models}",
  journal = {\apj},
archivePrefix = "arXiv",
   eprint = {1604.08592},
 primaryClass = "astro-ph.SR",
 keywords = {stars: evolution, stars: general, stars: interiors},
     year = 2016,
    month = jun,
   volume = 823,
      eid = {102},
    pages = {102},
      doi = {10.3847/0004-637X/823/2/102},
   adsurl = {http://adsabs.harvard.edu/abs/2016ApJ...823..102C},
  adsnote = {Provided by the SAO/NASA Astrophysics Data System}
}

@ARTICLE{sdss_dr8_2011,
   author = {{Aihara}, H. and {Allende Prieto}, C. and {An}, D. and {Anderson}, S.~F. and 
	{Aubourg}, {\'E}. and {Balbinot}, E. and {Beers}, T.~C. and 
	{Berlind}, A.~A. and {Bickerton}, S.~J. and {Bizyaev}, D. and 
	{Blanton}, M.~R. and {Bochanski}, J.~J. and {Bolton}, A.~S. and 
	{Bovy}, J. and {Brandt}, W.~N. and {Brinkmann}, J. and {Brown}, P.~J. and 
	{Brownstein}, J.~R. and {Busca}, N.~G. and {Campbell}, H. and 
	{Carr}, M.~A. and {Chen}, Y. and {Chiappini}, C. and {Comparat}, J. and 
	{Connolly}, N. and {Cortes}, M. and {Croft}, R.~A.~C. and {Cuesta}, A.~J. and 
	{da Costa}, L.~N. and {Davenport}, J.~R.~A. and {Dawson}, K. and 
	{Dhital}, S. and {Ealet}, A. and {Ebelke}, G.~L. and {Edmondson}, E.~M. and 
	{Eisenstein}, D.~J. and {Escoffier}, S. and {Esposito}, M. and 
	{Evans}, M.~L. and {Fan}, X. and {Femen{\'{\i}}a Castell{\'a}}, B. and 
	{Font-Ribera}, A. and {Frinchaboy}, P.~M. and {Ge}, J. and {Gillespie}, B.~A. and 
	{Gilmore}, G. and {Gonz{\'a}lez Hern{\'a}ndez}, J.~I. and {Gott}, J.~R. and 
	{Gould}, A. and {Grebel}, E.~K. and {Gunn}, J.~E. and {Hamilton}, J.-C. and 
	{Harding}, P. and {Harris}, D.~W. and {Hawley}, S.~L. and {Hearty}, F.~R. and 
	{Ho}, S. and {Hogg}, D.~W. and {Holtzman}, J.~A. and {Honscheid}, K. and 
	{Inada}, N. and {Ivans}, I.~I. and {Jiang}, L. and {Johnson}, J.~A. and 
	{Jordan}, C. and {Jordan}, W.~P. and {Kazin}, E.~A. and {Kirkby}, D. and 
	{Klaene}, M.~A. and {Knapp}, G.~R. and {Kneib}, J.-P. and {Kochanek}, C.~S. and 
	{Koesterke}, L. and {Kollmeier}, J.~A. and {Kron}, R.~G. and 
	{Lampeitl}, H. and {Lang}, D. and {Le Goff}, J.-M. and {Lee}, Y.~S. and 
	{Lin}, Y.-T. and {Long}, D.~C. and {Loomis}, C.~P. and {Lucatello}, S. and 
	{Lundgren}, B. and {Lupton}, R.~H. and {Ma}, Z. and {MacDonald}, N. and 
	{Mahadevan}, S. and {Maia}, M.~A.~G. and {Makler}, M. and {Malanushenko}, E. and 
	{Malanushenko}, V. and {Mandelbaum}, R. and {Maraston}, C. and 
	{Margala}, D. and {Masters}, K.~L. and {McBride}, C.~K. and 
	{McGehee}, P.~M. and {McGreer}, I.~D. and {M{\'e}nard}, B. and 
	{Miralda-Escud{\'e}}, J. and {Morrison}, H.~L. and {Mullally}, F. and 
	{Muna}, D. and {Munn}, J.~A. and {Murayama}, H. and {Myers}, A.~D. and 
	{Naugle}, T. and {Neto}, A.~F. and {Nguyen}, D.~C. and {Nichol}, R.~C. and 
	{O'Connell}, R.~W. and {Ogando}, R.~L.~C. and {Olmstead}, M.~D. and 
	{Oravetz}, D.~J. and {Padmanabhan}, N. and {Palanque-Delabrouille}, N. and 
	{Pan}, K. and {Pandey}, P. and {P{\^a}ris}, I. and {Percival}, W.~J. and 
	{Petitjean}, P. and {Pfaffenberger}, R. and {Pforr}, J. and 
	{Phleps}, S. and {Pichon}, C. and {Pieri}, M.~M. and {Prada}, F. and 
	{Price-Whelan}, A.~M. and {Raddick}, M.~J. and {Ramos}, B.~H.~F. and 
	{Reyl{\'e}}, C. and {Rich}, J. and {Richards}, G.~T. and {Rix}, H.-W. and 
	{Robin}, A.~C. and {Rocha-Pinto}, H.~J. and {Rockosi}, C.~M. and 
	{Roe}, N.~A. and {Rollinde}, E. and {Ross}, A.~J. and {Ross}, N.~P. and 
	{Rossetto}, B.~M. and {S{\'a}nchez}, A.~G. and {Sayres}, C. and 
	{Schlegel}, D.~J. and {Schlesinger}, K.~J. and {Schmidt}, S.~J. and 
	{Schneider}, D.~P. and {Sheldon}, E. and {Shu}, Y. and {Simmerer}, J. and 
	{Simmons}, A.~E. and {Sivarani}, T. and {Snedden}, S.~A. and 
	{Sobeck}, J.~S. and {Steinmetz}, M. and {Strauss}, M.~A. and 
	{Szalay}, A.~S. and {Tanaka}, M. and {Thakar}, A.~R. and {Thomas}, D. and 
	{Tinker}, J.~L. and {Tofflemire}, B.~M. and {Tojeiro}, R. and 
	{Tremonti}, C.~A. and {Vandenberg}, J. and {Vargas Maga{\~n}a}, M. and 
	{Verde}, L. and {Vogt}, N.~P. and {Wake}, D.~A. and {Wang}, J. and 
	{Weaver}, B.~A. and {Weinberg}, D.~H. and {White}, M. and {White}, S.~D.~M. and 
	{Yanny}, B. and {Yasuda}, N. and {Yeche}, C. and {Zehavi}, I.
	},
    title = "{The Eighth Data Release of the Sloan Digital Sky Survey: First Data from SDSS-III}",
  journal = {\apjs},
archivePrefix = "arXiv",
   eprint = {1101.1559},
 primaryClass = "astro-ph.IM",
 keywords = {atlases, catalogs, surveys},
     year = 2011,
    month = apr,
   volume = 193,
      eid = {29},
    pages = {29},
      doi = {10.1088/0067-0049/193/2/29},
   adsurl = {http://adsabs.harvard.edu/abs/2011ApJS..193...29A},
  adsnote = {Provided by the SAO/NASA Astrophysics Data System}
}

@ARTICLE{matteucci_94,
       author = {{Matteucci}, Francesca},
        title = "{Abundance ratios in ellipticals and galaxy formation.}",
      journal = {\aap},
     keywords = {Abundance, Chemical Evolution, Elliptical Galaxies, Galactic Evolution,
        Iron, Magnesium, Star Formation, Astronomical Models, Galactic
        Mass, Galactic Winds, Luminosity, Metallicity, Supernovae,
        Variability, Astrophysics, GALAXIES: ABUNDANCES, GALAXIES:
        ELLIPTICAL, GALAXIES: EVOLUTION, GALAXIES: FORMATION},
         year = 1994,
        month = Aug,
       volume = {288},
        pages = {57-64},
       adsurl = {https://ui.adsabs.harvard.edu/#abs/1994A&A...288...57M},
      adsnote = {Provided by the SAO/NASA Astrophysics Data System}
}

@ARTICLE{worthey_faber_92,
   author = {{Worthey}, G. and {Faber}, S.~M. and {Gonzalez}, J.~J.},
    title = "{MG and Fe absorption features in elliptical galaxies}",
  journal = {\apj},
 keywords = {Absorption Spectra, Elliptical Galaxies, Iron, Magnesium, Metallicity, Astronomical Models, Galactic Evolution, Galactic Nuclei, Star Formation, Supernovae},
     year = 1992,
    month = oct,
   volume = 398,
    pages = {69-73},
      doi = {10.1086/171836},
   adsurl = {http://adsabs.harvard.edu/abs/1992ApJ...398...69W},
  adsnote = {Provided by the SAO/NASA Astrophysics Data System}
}

@ARTICLE{thomas_greggio_bender_99,
   author = {{Thomas}, D. and {Greggio}, L. and {Bender}, R.},
    title = "{Constraints on galaxy formation from alpha-enhancement in luminous elliptical galaxies}",
  journal = {\mnras},
   eprint = {astro-ph/9809261},
 keywords = {GALAXIES: ELLIPTICAL AND LENTICULAR, CD, GALAXIES: FORMATION, GALAXIES: LUMINOSITY FUNCTION, MASS FUNCTION, GALAXIES: STELLAR CONTENT},
     year = 1999,
    month = jan,
   volume = 302,
    pages = {537-548},
      doi = {10.1046/j.1365-8711.1999.02138.x},
   adsurl = {http://adsabs.harvard.edu/abs/1999MNRAS.302..537T},
  adsnote = {Provided by the SAO/NASA Astrophysics Data System}
}

@ARTICLE{gunn_sdss_telescope,
   author = {{Gunn}, J.~E. and {Siegmund}, W.~A. and {Mannery}, E.~J. and 
	{Owen}, R.~E. and {Hull}, C.~L. and {Leger}, R.~F. and {Carey}, L.~N. and 
	{Knapp}, G.~R. and {York}, D.~G. and {Boroski}, W.~N. and {Kent}, S.~M. and 
	{Lupton}, R.~H. and {Rockosi}, C.~M. and {Evans}, M.~L. and 
	{Waddell}, P. and {Anderson}, J.~E. and {Annis}, J. and {Barentine}, J.~C. and 
	{Bartoszek}, L.~M. and {Bastian}, S. and {Bracker}, S.~B. and 
	{Brewington}, H.~J. and {Briegel}, C.~I. and {Brinkmann}, J. and 
	{Brown}, Y.~J. and {Carr}, M.~A. and {Czarapata}, P.~C. and 
	{Drennan}, C.~C. and {Dombeck}, T. and {Federwitz}, G.~R. and 
	{Gillespie}, B.~A. and {Gonzales}, C. and {Hansen}, S.~U. and 
	{Harvanek}, M. and {Hayes}, J. and {Jordan}, W. and {Kinney}, E. and 
	{Klaene}, M. and {Kleinman}, S.~J. and {Kron}, R.~G. and {Kresinski}, J. and 
	{Lee}, G. and {Limmongkol}, S. and {Lindenmeyer}, C.~W. and 
	{Long}, D.~C. and {Loomis}, C.~L. and {McGehee}, P.~M. and {Mantsch}, P.~M. and 
	{Neilsen}, Jr., E.~H. and {Neswold}, R.~M. and {Newman}, P.~R. and 
	{Nitta}, A. and {Peoples}, Jr., J. and {Pier}, J.~R. and {Prieto}, P.~S. and 
	{Prosapio}, A. and {Rivetta}, C. and {Schneider}, D.~P. and 
	{Snedden}, S. and {Wang}, S.-i.},
    title = "{The 2.5 m Telescope of the Sloan Digital Sky Survey}",
  journal = {\aj},
   eprint = {astro-ph/0602326},
 keywords = {Surveys, Telescopes},
     year = 2006,
    month = apr,
   volume = 131,
    pages = {2332-2359},
      doi = {10.1086/500975},
   adsurl = {http://adsabs.harvard.edu/abs/2006AJ....131.2332G},
  adsnote = {Provided by the SAO/NASA Astrophysics Data System}
}

@ARTICLE{blanton_17_sdss-iv,
   author = {{Blanton}, M.~R. and {Bershady}, M.~A. and {Abolfathi}, B. and 
	{Albareti}, F.~D. and {Allende Prieto}, C. and {Almeida}, A. and 
	{Alonso-Garc{\'{\i}}a}, J. and {Anders}, F. and {Anderson}, S.~F. and 
	{Andrews}, B. and et al.},
    title = "{Sloan Digital Sky Survey IV: Mapping the Milky Way, Nearby Galaxies, and the Distant Universe}",
  journal = {\aj},
archivePrefix = "arXiv",
   eprint = {1703.00052},
 keywords = {cosmology: observations, galaxies: general, Galaxy: general, instrumentation: spectrographs, stars: general, surveys},
     year = 2017,
    month = jul,
   volume = 154,
      eid = {28},
    pages = {28},
      doi = {10.3847/1538-3881/aa7567},
   adsurl = {http://adsabs.harvard.edu/abs/2017AJ....154...28B},
  adsnote = {Provided by the SAO/NASA Astrophysics Data System}
}

@ARTICLE{mcgaugh_schombert_schombert_14,
   author = {{McGaugh}, S.~S. and {Schombert}, J.~M.},
    title = "{Color-Mass-to-light-ratio Relations for Disk Galaxies}",
  journal = {\aj},
archivePrefix = "arXiv",
   eprint = {1407.1839},
 keywords = {galaxies: evolution, galaxies: fundamental parameters, galaxies: photometry, galaxies: stellar content},
     year = 2014,
    month = nov,
   volume = 148,
      eid = {77},
    pages = {77},
      doi = {10.1088/0004-6256/148/5/77},
   adsurl = {http://adsabs.harvard.edu/abs/2014AJ....148...77M},
  adsnote = {Provided by the SAO/NASA Astrophysics Data System}
}

@ARTICLE{mahalanobis_36,
    author = {{Mahalanobis}, P.~C.},
    title = "{On the Generalized Distance in Statistics}",
    journal = {Proceedings of the National Institute of Sciences of India},
    year = 1936,
    month = jan,
    eid = {49},
    volume = 2
}

@ARTICLE{thomas_le-fevre_17,
   author = {{Thomas}, R. and {Le F{\`e}vre}, O. and {Scodeggio}, M. and 
	{Cassata}, P. and {Garilli}, B. and {Le Brun}, V. and {Lemaux}, B.~C. and 
	{Maccagni}, D. and {Pforr}, J. and {Tasca}, L.~A.~M. and {Zamorani}, G. and 
	{Bardelli}, S. and {Hathi}, N.~P. and {Tresse}, L. and {Zucca}, E. and 
	{Koekemoer}, A.~M.},
    title = "{The extended epoch of galaxy formation: Age dating of  3600 galaxies with 2 $\lt$ z $\lt$ 6.5 in the VIMOS Ultra-Deep Survey}",
  journal = {\aap},
archivePrefix = "arXiv",
   eprint = {1602.01841},
 keywords = {galaxies: evolution, Galaxy: formation, galaxies: high-redshift, galaxies: star formation},
     year = 2017,
    month = jun,
   volume = 602,
      eid = {A35},
    pages = {A35},
      doi = {10.1051/0004-6361/201628141},
   adsurl = {http://adsabs.harvard.edu/abs/2017A%26A...602A..35T},
  adsnote = {Provided by the SAO/NASA Astrophysics Data System}
}

@ARTICLE{fossati_mendel_18,
   author = {{Fossati}, M. and {Mendel}, J.~T. and {Boselli}, A. and {Cuillandre}, J.~C. and 
	{Vollmer}, B. and {Boissier}, S. and {Consolandi}, G. and {Ferrarese}, L. and 
	{Gwyn}, S. and {Amram}, P. and {Boquien}, M. and {Buat}, V. and 
	{Burgarella}, D. and {Cortese}, L. and {C{\^o}t{\'e}}, P. and 
	{C{\^o}t{\'e}}, S. and {Durrell}, P. and {Fumagalli}, M. and 
	{Gavazzi}, G. and {Gomez-Lopez}, J. and {Hensler}, G. and {Koribalski}, B. and 
	{Longobardi}, A. and {Peng}, E.~W. and {Roediger}, J. and {Sun}, M. and 
	{Toloba}, E.},
    title = "{A Virgo Environmental Survey Tracing Ionised Gas Emission (VESTIGE). II. Constraining the quenching time in the stripped galaxy NGC 4330}",
  journal = {\aap},
archivePrefix = "arXiv",
   eprint = {1801.09685},
 keywords = {galaxies: clusters: general, galaxies: clusters: individual: Virgo, galaxies: evolution, galaxies: interactions, galaxies: ISM},
     year = 2018,
    month = jun,
   volume = 614,
      eid = {A57},
    pages = {A57},
      doi = {10.1051/0004-6361/201732373},
   adsurl = {http://adsabs.harvard.edu/abs/2018A%26A...614A..57F},
  adsnote = {Provided by the SAO/NASA Astrophysics Data System}
}

@BOOK{numerical-recipes_1986,
   author = {{Press}, W.~H. and {Flannery}, B.~P. and {Teukolsky}, S.~A.},
    title = "{Numerical recipes. The art of scientific computing}",
booktitle = {Cambridge: University Press, 1986},
     year = 1986,
   adsurl = {http://adsabs.harvard.edu/abs/1986nras.book.....P},
  adsnote = {Provided by the SAO/NASA Astrophysics Data System}
}

@ARTICLE{dorman_95,
   author = {{Dorman}, B. and {O'Connell}, R.~W. and {Rood}, R.~T.},
    title = "{Ultraviolet radiation from evolved stellar populations. 2: The ultraviolet upturn phenomenon in elliptical galaxies}",
  journal = {\apj},
   eprint = {astro-ph/9405030},
 keywords = {Elliptical Galaxies, Globular Clusters, Spiral Galaxies, Star Distribution, Stellar Composition, Stellar Evolution, Stellar Models, Ultraviolet Radiation, Abundance, Color, Data Reduction, Metallicity, Spectrum Analysis, Ultraviolet Spectra},
     year = 1995,
    month = mar,
   volume = 442,
    pages = {105-141},
      doi = {10.1086/175428},
   adsurl = {http://adsabs.harvard.edu/abs/1995ApJ...442..105D},
  adsnote = {Provided by the SAO/NASA Astrophysics Data System}
}

@ARTICLE{usher_beckwith_18_CaT,
   author = {{Usher}, C. and {Beckwith}, T. and {Bellstedt}, S. and {Alabi}, A. and 
	{Chevalier}, L. and {Pastorello}, N. and {Cerulo}, P. and {Dalgleish}, H.~S. and 
	{Fraser-McKelvie}, A. and {Kamann}, S. and {Penny}, S. and {Foster}, C. and 
	{McDermid}, R. and {Schiavon}, R.~P. and {Villaume}, A.},
    title = "{The WAGGS project - II. The reliability of the calcium triplet as a metallicity indicator in integrated stellar light}",
  journal = {\mnras},
archivePrefix = "arXiv",
   eprint = {1809.07650},
 keywords = {globular clusters: general, galaxies: abundances, galaxies: star clusters: general, galaxies: stellar content, stars: abundances},
     year = 2018,
    month = sep,
      doi = {10.1093/mnras/sty2611},
   adsurl = {http://adsabs.harvard.edu/abs/2018MNRAS.tmp.2497U},
  adsnote = {Provided by the SAO/NASA Astrophysics Data System}
}

@ARTICLE{gallazzi_brinchmann_08,
   author = {{Gallazzi}, A. and {Brinchmann}, J. and {Charlot}, S. and {White}, S.~D.~M.
	},
    title = "{A census of metals and baryons in stars in the local Universe}",
  journal = {\mnras},
archivePrefix = "arXiv",
   eprint = {0708.0533},
 keywords = {galaxies: evolution , galaxies: formation , galaxies: stellar content},
     year = 2008,
    month = feb,
   volume = 383,
    pages = {1439-1458},
      doi = {10.1111/j.1365-2966.2007.12632.x},
   adsurl = {http://adsabs.harvard.edu/abs/2008MNRAS.383.1439G},
  adsnote = {Provided by the SAO/NASA Astrophysics Data System}
}

@ARTICLE{madau_dickinson_2014_csfrd,
   author = {{Madau}, P. and {Dickinson}, M.},
    title = "{Cosmic Star-Formation History}",
  journal = {\araa},
archivePrefix = "arXiv",
   eprint = {1403.0007},
     year = 2014,
    month = aug,
   volume = 52,
    pages = {415-486},
      doi = {10.1146/annurev-astro-081811-125615},
   adsurl = {http://adsabs.harvard.edu/abs/2014ARA%26A..52..415M},
  adsnote = {Provided by the SAO/NASA Astrophysics Data System}
}

@ARTICLE{gelman_hennig_15,
   author = {{Gelman}, A. and {Hennig}, C.},
    title = "{Beyond subjective and objective in statistics}",
  journal = {ArXiv e-prints},
archivePrefix = "arXiv",
   eprint = {1508.05453},
 primaryClass = "stat.OT",
 keywords = {Statistics - Other Statistics, Statistics - Applications},
     year = 2015,
    month = aug,
   adsurl = {http://adsabs.harvard.edu/abs/2015arXiv150805453G},
  adsnote = {Provided by the SAO/NASA Astrophysics Data System}
}

@ARTICLE{simpson_rue_14_priors,
   author = {{Simpson}, D.~P. and {Rue}, H. and {Martins}, T.~G. and {Riebler}, A. and 
	{S{\o}rbye}, S.~H.},
    title = "{Penalising model component complexity: A principled, practical approach to constructing priors}",
  journal = {ArXiv e-prints},
archivePrefix = "arXiv",
   eprint = {1403.4630},
 primaryClass = "stat.ME",
 keywords = {Statistics - Methodology},
     year = 2014,
    month = mar,
   adsurl = {http://adsabs.harvard.edu/abs/2014arXiv1403.4630S},
  adsnote = {Provided by the SAO/NASA Astrophysics Data System}
}

@ARTICLE{hessman_17,
   author = {{Hessman}, F.~V.},
    title = "{Estimating the baryonic masses of face-on spiral galaxies from stellar kinematics}",
  journal = {\mnras},
archivePrefix = "arXiv",
   eprint = {1704.05243},
 keywords = {galaxies: kinematics and dynamics, galaxies: spiral, galaxies: stellar content, dark matter},
     year = 2017,
    month = jul,
   volume = 469,
    pages = {1147-1156},
      doi = {10.1093/mnras/stx917},
   adsurl = {http://adsabs.harvard.edu/abs/2017MNRAS.469.1147H},
  adsnote = {Provided by the SAO/NASA Astrophysics Data System}
}

@ARTICLE{swaters_14,
   author = {{Swaters}, R.~A. and {Bershady}, M.~A. and {Martinsson}, T.~P.~K. and 
	{Westfall}, K.~B. and {Andersen}, D.~R. and {Verheijen}, M.~A.~W.
	},
    title = "{The Link between Light and Mass in Late-type Spiral Galaxy Disks}",
  journal = {\apjl},
archivePrefix = "arXiv",
   eprint = {1411.4589},
 keywords = {galaxies: fundamental parameters, galaxies: kinematics and dynamics, galaxies: spiral},
     year = 2014,
    month = dec,
   volume = 797,
      eid = {L28},
    pages = {L28},
      doi = {10.1088/2041-8205/797/2/L28},
   adsurl = {http://adsabs.harvard.edu/abs/2014ApJ...797L..28S},
  adsnote = {Provided by the SAO/NASA Astrophysics Data System}
}

@ARTICLE{spiniello_trager_12,
   author = {{Spiniello}, C. and {Trager}, S.~C. and {Koopmans}, L.~V.~E. and 
	{Chen}, Y.~P.},
    title = "{Evidence for a Mild Steepening and Bottom-heavy Initial Mass Function in Massive Galaxies from Sodium and Titanium-oxide Indicators}",
  journal = {\apjl},
archivePrefix = "arXiv",
   eprint = {1204.3823},
 keywords = {dark matter, galaxies: elliptical and lenticular, cD, galaxies: evolution, galaxies: kinematics and dynamics, gravitational lensing: strong},
     year = 2012,
    month = jul,
   volume = 753,
      eid = {L32},
    pages = {L32},
      doi = {10.1088/2041-8205/753/2/L32},
   adsurl = {http://adsabs.harvard.edu/abs/2012ApJ...753L..32S},
  adsnote = {Provided by the SAO/NASA Astrophysics Data System}
}

@ARTICLE{spiniello_trager_14,
   author = {{Spiniello}, C. and {Trager}, S. and {Koopmans}, L.~V.~E. and 
	{Conroy}, C.},
    title = "{The stellar IMF in early-type galaxies from a non-degenerate set of optical line indices}",
  journal = {\mnras},
archivePrefix = "arXiv",
   eprint = {1305.2873},
 keywords = {gravitational lensing: strong, galaxies: elliptical and lenticular, cD, galaxies: evolution, galaxies: kinematics and dynamics, galaxies: structure, dark matter},
     year = 2014,
    month = feb,
   volume = 438,
    pages = {1483-1499},
      doi = {10.1093/mnras/stt2282},
   adsurl = {http://adsabs.harvard.edu/abs/2014MNRAS.438.1483S},
  adsnote = {Provided by the SAO/NASA Astrophysics Data System}
}

@ARTICLE{asr_mab_13,
   author = {{Schechtman-Rook}, A. and {Bershady}, M.~A.},
    title = "{Near-infrared Detection of a Super-thin Disk in NGC 891}",
  journal = {\apj},
archivePrefix = "arXiv",
   eprint = {1306.6076},
 primaryClass = "astro-ph.CO",
 keywords = {galaxies: individual: NGC 891, galaxies: photometry, galaxies: spiral, galaxies: stellar content, galaxies: structure},
     year = 2013,
    month = aug,
   volume = 773,
      eid = {45},
    pages = {45},
      doi = {10.1088/0004-637X/773/1/45},
   adsurl = {http://adsabs.harvard.edu/abs/2013ApJ...773...45S},
  adsnote = {Provided by the SAO/NASA Astrophysics Data System}
}


@ARTICLE{asr_mab_14,
   author = {{Schechtman-Rook}, A. and {Bershady}, M.~A.},
    title = "{Near-infrared Structure of Fast and Slow-rotating Disk Galaxies}",
  journal = {\apj},
archivePrefix = "arXiv",
   eprint = {1409.6727},
 keywords = {galaxies: individual: NGC 522 NGC 891 NGC 1055 NGC 4013 NGC 4144 NGC 4244 NGC 4565, galaxies: spiral, galaxies: stellar content},
     year = 2014,
    month = nov,
   volume = 795,
      eid = {136},
    pages = {136},
      doi = {10.1088/0004-637X/795/2/136},
   adsurl = {http://adsabs.harvard.edu/abs/2014ApJ...795..136S},
  adsnote = {Provided by the SAO/NASA Astrophysics Data System}
}

@ARTICLE{eigenbrot_bershady_18,
   author = {{Eigenbrot}, A. and {Bershady}, M.~A.},
    title = "{Vertical Population Gradients in NGC 891. I. {\nabla}Pak Instrumentation and Spectral Data}",
  journal = {\apj},
 keywords = {galaxies: individual: NGC 891, galaxies: spiral, galaxies: stellar content, instrumentation: spectrographs},
     year = 2018,
    month = feb,
   volume = 853,
      eid = {114},
    pages = {114},
      doi = {10.3847/1538-4357/aaa45d},
   adsurl = {http://adsabs.harvard.edu/abs/2018ApJ...853..114E},
  adsnote = {Provided by the SAO/NASA Astrophysics Data System}
}

@ARTICLE{piotto_04_bluestraggler,
       author = {{Piotto}, Giampaolo and {De Angeli}, Francesca and {King}, Ivan R. and
        {Djorgovski}, S.~G. and {Bono}, Giuseppe and {Cassisi}, Santi
        and {Meylan}, Georges and {Recio-Blanco}, Alejandra and {Rich},
        R.~M. and {Davies}, Melvyn B.},
        title = "{Relative Frequencies of Blue Stragglers in Galactic Globular Clusters: Constraints for the Formation Mechanisms}",
      journal = {\apj},
     keywords = {Stars: Blue Stragglers, Galaxy: Globular Clusters: General, Stars: Hertzsprung-Russell Diagram, Stars: Luminosity Function, Mass Function, Astrophysics},
         year = 2004,
        month = Apr,
       volume = {604},
        pages = {L109-L112},
          doi = {10.1086/383617},
archivePrefix = {arXiv},
       eprint = {astro-ph/0402592},
 primaryClass = {astro-ph},
       adsurl = {https://ui.adsabs.harvard.edu/\#abs/2004ApJ...604L.109P},
      adsnote = {Provided by the SAO/NASA Astrophysics Data System}
}

@ARTICLE{gosnell_14_bluestraggler,
       author = {{Gosnell}, Natalie M. and {Mathieu}, Robert D. and {Geller}, Aaron M.
        and {Sills}, Alison and {Leigh}, Nathan and {Knigge}, Christian},
        title = "{Detection of White Dwarf Companions to Blue Stragglers in the Open Cluster NGC 188: Direct Evidence for Recent Mass Transfer}",
      journal = {\apj},
     keywords = {binaries: spectroscopic, blue stragglers, open clusters and associations: individual: NGC 188, ultraviolet: stars, white dwarfs, Astrophysics - Solar and Stellar Astrophysics},
         year = 2014,
        month = Mar,
       volume = {783},
          eid = {L8},
        pages = {L8},
          doi = {10.1088/2041-8205/783/1/L8},
archivePrefix = {arXiv},
       eprint = {1401.7670},
 primaryClass = {astro-ph.SR},
       adsurl = {https://ui.adsabs.harvard.edu/\#abs/2014ApJ...783L...8G},
      adsnote = {Provided by the SAO/NASA Astrophysics Data System}
}

@ARTICLE{martin-navarro_15_radIMF,
       author = {{Mart{\'\i}n-Navarro}, Ignacio and {La Barbera}, Francesco and
        {Vazdekis}, Alexandre and {Falc{\'o}n-Barroso}, Jes{\'u}s and
        {Ferreras}, Ignacio},
        title = "{Radial variations in the stellar initial mass function of early-type galaxies}",
      journal = {\mnras},
     keywords = {galaxies: elliptical and lenticular, cD, galaxies: evolution, galaxies: formation, galaxies: fundamental parameters, Astrophysics - Astrophysics of Galaxies, Astrophysics - Cosmology and Nongalactic Astrophysics},
         year = 2015,
        month = Feb,
       volume = {447},
        pages = {1033-1048},
          doi = {10.1093/mnras/stu2480},
archivePrefix = {arXiv},
       eprint = {1404.6533},
 primaryClass = {astro-ph.GA},
       adsurl = {https://ui.adsabs.harvard.edu/\#abs/2015MNRAS.447.1033M},
      adsnote = {Provided by the SAO/NASA Astrophysics Data System}
}

@ARTICLE{li_17_radIMF,
       author = {{Li}, Hongyu and {Ge}, Junqiang and {Mao}, Shude and {Cappellari},
        Michele and {Long}, R.~J. and {Li}, Ran and {Emsellem}, Eric and
        {Dutton}, Aaron A. and {Li}, Cheng and {Bundy}, Kevin and
        {Thomas}, Daniel and {Drory}, Niv and {Lopes}, Alexandre Roman},
        title = "{SDSS-IV MaNGA: Variation of the Stellar Initial Mass Function in Spiral and Early-type Galaxies}",
      journal = {\apj},
     keywords = {dark matter, galaxies: evolution, galaxies: formation, galaxies: kinematics and dynamics, galaxies: structure, Astrophysics - Astrophysics of Galaxies},
         year = 2017,
        month = Apr,
       volume = {838},
          eid = {77},
        pages = {77},
          doi = {10.3847/1538-4357/aa662a},
archivePrefix = {arXiv},
       eprint = {1703.04894},
 primaryClass = {astro-ph.GA},
       adsurl = {https://ui.adsabs.harvard.edu/\#abs/2017ApJ...838...77L},
      adsnote = {Provided by the SAO/NASA Astrophysics Data System}
}

@ARTICLE{la-barbera_16_radIMF,
       author = {{La Barbera}, Francesco and {Vazdekis}, Alexandre and {Ferreras},
        Ignacio and {Pasquali}, Anna and {Cappellari}, Michele and
        {Mart{\'\i}n-Navarro}, Ignacio and {Sch{\"o}nebeck}, Frederik
        and {Falc{\'o}n-Barroso}, Jes{\'u}s},
        title = "{Radial constraints on the initial mass function from TiO features and Wing-Ford band in early-type galaxies}",
      journal = {\mnras},
     keywords = {galaxies: elliptical and lenticular, cD, galaxies: formation, galaxies: fundamental parameters, galaxies: stellar content, Astrophysics - Astrophysics of Galaxies},
         year = 2016,
        month = Apr,
       volume = {457},
        pages = {1468-1489},
          doi = {10.1093/mnras/stv2996},
archivePrefix = {arXiv},
       eprint = {1509.08250},
 primaryClass = {astro-ph.GA},
       adsurl = {https://ui.adsabs.harvard.edu/\#abs/2016MNRAS.457.1468L},
      adsnote = {Provided by the SAO/NASA Astrophysics Data System}
}

@ARTICLE{pace_19b_pca,
    author = {{Pace}, Zachary J. and {Tremonti}, Christy and {Chen}, Yanmei and {Schaefer}, Adam L. and {Bershady}, Matthew A. and {Westfall}, Kyle B. and {Boquien}, M\'{e}d\'{e}ric and {Rowlands}, Kate and {Andrews}, Brett and {Brownstein}, Joel R. and {Drory}, Niv and {Wake}, David},
    title = "{Resolved and Integrated Stellar Masses in the SDSS-\textsc{iv}/\textsc{MaNGA} Survey, Paper \textsc{ii}: Applications of PCA-based stellar mass estimates}",
    year = {2019},
    journal={\apj}
}

@ARTICLE{belfiore_19_dap-elines,
   author = {{Belfiore}, F. and {Westfall}, K.~B. and {Schaefer}, A. and 
	{Cappellari}, M. and {Ji}, X. and {Bershady}, M.~A. and {Tremonti}, C. and 
	{Law}, D.~R. and {Yan}, R. and {Bundy}, K. and {Shetty}, S. and 
	{Drory}, N. and {Thomas}, D. and {Emsellem}, E. and {S{\'a}nchez}, S.~F.
	},
    title = "{The Data Analysis Pipeline for the SDSS-IV MaNGA IFU Galaxy Survey: Emission-Line Modeling}",
  journal = {arXiv e-prints},
archivePrefix = "arXiv",
   eprint = {1901.00866},
 keywords = {Astrophysics - Astrophysics of Galaxies},
     year = 2019,
    month = jan,
   adsurl = {http://adsabs.harvard.edu/abs/2019arXiv190100866B},
  adsnote = {Provided by the SAO/NASA Astrophysics Data System}
}

@BOOK{jolliffe_1986_pca,
   author = {{Jolliffe}, I.~T.},
    title = "{Principal component analysis}",
booktitle = {Springer Series in Statistics, Berlin: Springer, 1986},
publisher = {Springer},
     year = 1986,
   adsurl = {http://adsabs.harvard.edu/abs/1986pca..book.....J},
  adsnote = {Provided by the SAO/NASA Astrophysics Data System}
}
